@article{larson2015seed,
  title={Seed and seedling traits affecting critical life stage transitions and recruitment outcomes in dryland grasses},
  author={Larson, Julie E. and Sheley, Roger L. and Hardegree, Stuart P. and Doescher, Paul S. and James, Jeremy J.},
  journal={Journal of Applied Ecology},
  volume={52},
  number={1},
  pages={199--209},
  year={2015},
  publisher={Wiley Online Library}
}

@article{vvleck1972,
 author = {van Vleck, L.},
 year = {1972},
 title = {Estimation of heritability of threshold characters},
 volume = {55},
 journal = {Journal of Dairy Science},
 pages = {218--225}
}

@mastersthesis{aase2021genetic,
    author = {Aase, Kenneth},
    title = {{Genetic Group Animal Models in the Genomics Era}},
    school = {Norwegian University of Science and Technology},
    year = {2021}
}
@article{alexander2009fast,
  title={Fast model-based estimation of ancestry in unrelated individuals},
  author={Alexander, David H. and Novembre, John and Lange, Kenneth},
  journal={Genome Research},
  volume={19},
  number={9},
  doi = {https://doi.org/10.1101/gr.094052.109},
  pages={1655--1664},
  year={2009},
  publisher={Cold Spring Harbor Lab}
}

@article{araya2019characterizing,
  title={Characterizing morphological (co)variation using structural equation models: Body size, allometric relationships and evolvability in a house sparrow metapopulation},
  author={Araya-Ajoy, Yimen G. and Ranke, Peter Sjolte and Kvalnes, Thomas and Rønning, Bernt and Holand, Håkon and Myhre, Ane Marlene and Pärn, Henrik and Jensen, Henrik and Ringsby, Thor-Harald and Sæther, Bernt-Erik and others},
  journal={Evolution},
  volume={73},
  number={3},
  pages={452--466},
  year={2019},
  publisher={Wiley Online Library},
  doi={https://doi.org/10.1111/evo.13668}
}

@article{brard2015use,
  title={Is the use of formulae a reliable way to predict the accuracy of genomic selection?},
  author={Brard, Sophie and Ricard, Anne},
  journal={Journal of Animal Breeding and Genetics},
  volume={132},
  number={3},
  pages={207--217},
  year={2015},
  publisher={Wiley Online Library}
}

@article{hoffmann2017,
    title = {Revisiting Adaptive Potential, Population Size, and Conservation},
    journal = {Trends in Ecology \& Evolution},
    volume = {32},
    number = {7},
    pages = {506-517},
    year = {2017},
    issn = {0169-5347},
    doi = {https://doi.org/10.1016/j.tree.2017.03.012},
    url = {https://www.sciencedirect.com/science/article/pii/S0169534717300903},
    author = {Ary A. Hoffmann and Carla M. Sgr\`o and Torsten N. Kristensen},
    keywords = {threatened species, environmental change, evolution, evolutionary constraints, genetic rescue}
}

@article{pritchard2000inference,
  title={Inference of population structure using multilocus genotype data},
  author={Pritchard, Jonathan K. and Stephens, Matthew and Donnelly, Peter},
  journal={Genetics},
  volume={155},
  doi={https://doi.org/10.1093/genetics/155.2.945},
  number={2},
  pages={945--959},
  year={2000},
  publisher={Oxford University Press}
}

@article{raj2014faststructure,
  title={fast{STRUCTURE}: variational inference of population structure in large {SNP} data sets},
  author={Raj, Anil and Stephens, Matthew and Pritchard, Jonathan K.},
  journal={Genetics},
  volume={197},
  number={2},
  doi={https://doi.org/10.1534/genetics.114.164350},
  pages={573--589},
  year={2014},
  publisher={Oxford University Press}
}

@misc{sjalander+:2019epic,
  title = {{EPIC}: An Energy-Efficient, High-Performance {GPGPU} Computing Research Infrastructure},
  author = {Magnus Sj\"alander and Magnus Jahre and Gunnar Tufte and Nico Reissmann},
  year = 2019,
  eprint = {1912.05848},
  archivePrefix ={arXiv},
  primaryClass = {cs.DC}
}

@article{wood_brodie2016,
    author = {Wood, Corlett W. and Brodie III, Edmund D.},
    title = {Evolutionary response when selection and genetic variation covary across environments},
    journal = {Ecology Letters},
    volume = {19},
    number = {10},
    pages = {1189-1200},
    keywords = {Anthropogenic change, breeder's equation, cryptic genetic variation, environmental heterogeneity, heritability, novel environments, response to selection},
    doi = {https://doi.org/10.1111/ele.12662},
    url = {https://onlinelibrary.wiley.com/doi/abs/10.1111/ele.12662},
    eprint = {https://onlinelibrary.wiley.com/doi/pdf/10.1111/ele.12662},
    year = {2016}
}

@article{kruuk2004estimating,
  title={Estimating genetic parameters in natural populations using the ‘animal model’},
  author={Kruuk, Loeske E. B.},
  journal={Philosophical Transactions of the Royal Society of London. Series B: Biological Sciences},
  volume={359},
  number={1446},
  pages={873--890},
  year={2004},
  publisher={The Royal Society},
  doi={https://doi.org/10.1098/rstb.2003.1437}
}

@article{gravel2012population,
  title={Population genetics models of local ancestry},
  author={Gravel, Simon},
  journal={Genetics},
  volume={191},
  number={2},
  pages={607--619},
  year={2012},
  publisher={Oxford University Press},
  doi={https://doi.org/10.1534/genetics.112.139808}
}

@article{seldin2011new,
  title={New approaches to disease mapping in admixed populations},
  author={Seldin, Michael F. and Pasaniuc, Bogdan and Price, Alkes L.},
  journal={Nature Reviews Genetics},
  volume={12},
  number={8},
  pages={523--528},
  year={2011},
  publisher={Nature Publishing Group},
  doi={https://doi.org/10.1038/nrg3002}
}

@article{schubert2020comparing,
  title={Comparing local ancestry inference models in populations of two-and three-way admixture},
  author={Schubert, Ryan and Andaleon, Angela and Wheeler, Heather E.},
  journal={PeerJ},
  volume={8},
  pages={e10090},
  year={2020},
  publisher={PeerJ Inc.},
  doi={https://doi.org/10.7717/peerj.10090}
}

@article{guo2014impact,
  title={The impact of population structure on genomic prediction in stratified populations},
  author={Guo, Zhigang and Tucker, Dominic M. and Basten, Christopher J. and Gandhi, Harish and Ersoz, Elhan and Guo, Baohong and Xu, Zhanyou and Wang, Daolong and Gay, Gilles},
  journal={Theoretical and Applied Genetics},
  volume={127},
  number={3},
  pages={749--762},
  year={2014},
  publisher={Springer},
  doi={https://doi.org/10.1007/s00122-013-2255-x}
}

@article{wilson2010ecologist,
  title={An ecologist’s guide to the animal model},
  author={Wilson, Alastair J. and Reale, Denis and Clements, Michelle N. and Morrissey, Michael M. and Postma, Erik and Walling, Craig A. and Kruuk, Loeske E. B. and Nussey, Daniel H.},
  journal={Journal of Animal Ecology},
  volume={79},
  number={1},
  pages={13--26},
  year={2010},
  publisher={Wiley Online Library},
  doi={https://doi.org/10.1111/j.1365-2656.2009.01639.x}
}

@article{kruuk2007separate,
  title={How to separate genetic and environmental causes of similarity between relatives},
  author={Kruuk, Loeske E. B. and Hadfield, Jarrod D.},
  journal={Journal of Evolutionary Biology},
  volume={20},
  number={5},
  pages={1890--1903},
  year={2007},
  publisher={Wiley Online Library},
  doi={https://doi.org/10.1111/j.1420-9101.2007.01377.x}
}

@article{10002015global,
  title={A global reference for human genetic variation},
  author={{1000 Genomes Project Consortium}},
  journal={Nature},
  volume={526},
  number={7571},
  pages={68--74},
  year={2015},
  publisher={Nature Publishing Group},
  doi={https://doi.org/10.1038/nature15393}
}

@book{charmantier2014quantitative,
  title={Quantitative Genetics in the Wild},
  author={Charmantier, Anne and Garant, Dany and Kruuk, Loeske E. B.},
  year={2014},
  address={Oxford},
  publisher={Oxford University Press}
}

@article{wolak2012nadiv,
  title={nadiv: an \textsf{R} package to create relatedness matrices for estimating non-additive genetic variances in animal models},
  author={Wolak, Matthew E.},
  journal={Methods in Ecology and Evolution},
  volume={3},
  number={5},
  pages={792--796},
  year={2012},
  publisher={Wiley Online Library},
  doi={https://doi.org/10.1111/j.2041-210X.2012.00213.x}
}

@article{keller2001heritability,
  title={Heritability of morphological traits in {D}arwin’s finches: misidentified paternity and maternal effects},
  author={Keller, Lukas F. and Grant, Peter R. and Grant, B. Rosemary and Petren, Kenneth},
  journal={Heredity},
  volume={87},
  number={3},
  pages={325--336},
  year={2001},
  publisher={Nature Publishing Group},
  doi={https://doi.org/10.1046/j.1365-2540.2001.00900.x}
}

@article{griffith1989translocation,
  title={Translocation as a species conservation tool: status and strategy},
  author={Griffith, Brad and Scott, J. Michael and Carpenter, James W. and Reed, Christine},
  journal={Science},
  volume={245},
  number={4917},
  pages={477--480},
  year={1989},
  publisher={American Association for the Advancement of Science},
  doi={https://doi.org/10.1126/science.245.4917.477}
}

@article{griffith2002extra,
  title={Extra pair paternity in birds: a review of interspecific variation and adaptive function},
  author={Griffith, Simon C. and Owens, Ian P. F. and Thuman, Katherine A.},
  journal={Molecular Ecology},
  volume={11},
  number={11},
  pages={2195--2212},
  year={2002},
  publisher={Wiley Online Library},
  doi={https://doi.org/10.1046/j.1365-294X.2002.01613.x}
}

@incollection{andrews2018advances,
  title={Advances in using non-invasive, archival, and environmental samples for population genomic studies},
  author={Andrews, Kimberly R. and De Barba, Marta and Russello, Michael A. and Waits, Lisette P.},
  editor={Hohenlohe, Paul A. and Rajora, Om P.},
  booktitle={Population Genomics: Wildlife},
  pages={63--99},
  year={2018},
  publisher={Springer International Publishing},
  doi={https://doi.org/10.1007/13836_2018_45}
}

@inbook{wolak2014dominance,
  title={Dominance genetic variance and inbreeding in natural populations},
  author={Wolak, Matthew E. and Keller, Lukas F.},
  booktitle={Quantitative Genetics in the Wild},
  pages={104--127},
  year={2014},
  editor={Charmantier, Anne and Garant, Dany and Kruuk, Loeske E. B.},
  address={Oxford},
  publisher={Oxford University Press}
}

@article{wolak2017accounting,
  title={Accounting for genetic differences among unknown parents in microevolutionary studies: how to include genetic groups in quantitative genetic animal models},
  author={Wolak, Matthew E. and Reid, Jane M.},
  journal={Journal of Animal Ecology},
  volume={86},
  number={1},
  pages={7--20},
  year={2017},
  publisher={Wiley Online Library},
  doi={https://doi.org/10.1111/1365-2656.12597}
}

@article{reid2021immigration,
  title={Immigration counter-acts local micro-evolution of a major fitness component: Migration-selection balance in free-living song sparrows},
  author={Reid, Jane M. and Arcese, Peter and Nietlisbach, Pirmin and Wolak, Matthew E. and Muff, Stefanie and Dickel, Lisa and Keller, Lukas F.},
  journal={Evolution Letters},
  volume={5},
  number={1},
  pages={48--60},
  year={2021},
  publisher={Wiley Online Library},
  doi={https://doi.org/10.1002/evl3.214}
}

@article{muff2019animal,
  title={Animal models with group-specific additive genetic variances: extending genetic group models},
  author={Muff, Stefanie and Niskanen, Alina K. and Saatoglu, Dilan and Keller, Lukas F. and Jensen, Henrik},
  journal={Genetics Selection Evolution},
  volume={51},
  number={1},
  pages={7},
  year={2019},
  publisher={Springer},
  doi={https://doi.org/10.1186/s12711-019-0449-7}
}

@article{muff2022rewriting,
  title={Rewriting results sections in the language of evidence},
  author={Muff, Stefanie and Nilsen, Erlend B. and O’Hara, Robert Brian and Nater, Chlo{\'e} R.},
  journal={Trends in Ecology \& Evolution},
  volume={37},
  number={3},
  pages={203--210},
  year={2022},
  publisher={Elsevier}
}

@article{keller1998inbreeding,
  title={Inbreeding and its fitness effects in an insular population of song sparrows ({M}elospiza melodia)},
  author={Keller, Lukas F.},
  journal={Evolution},
  volume={52},
  number={1},
  pages={240--250},
  year={1998},
  publisher={Wiley Online Library},
  doi={https://doi.org/10.1111/j.1558-5646.1998.tb05157.x}
}

@article{speed2015relatedness,
  title={Relatedness in the post-genomic era: is it still useful?},
  author={Speed, Doug and Balding, David J.},
  journal={Nature Reviews Genetics},
  volume={16},
  number={1},
  pages={33--44},
  year={2015},
  publisher={Nature Publishing Group},
  doi={https://doi.org/10.1038/nrg3821}
}

@article{vanraden2008efficient,
  title={Efficient methods to compute genomic predictions},
  author={VanRaden, Paul M.},
  journal={Journal of Dairy Science},
  volume={91},
  number={11},
  pages={4414--4423},
  year={2008},
  publisher={Elsevier},
  doi={https://doi.org/10.3168/jds.2007-0980}
}

@article{meuwissen2001prediction,
  title={Prediction of total genetic value using genome-wide dense marker maps},
  author={Meuwissen, Theo H. E. and Hayes, Ben John and Goddard, Michael E.},
  journal={Genetics},
  volume={157},
  number={4},
  pages={1819--1829},
  year={2001},
  publisher={Oxford University Press}
}

@article{meuwissen2009accuracy,
  title={Accuracy of breeding values of 'unrelated' individuals predicted by dense {SNP} genotyping},
  author={Meuwissen, Theo H. E.},
  journal={Genetics Selection Evolution},
  volume={41},
  pages={1--9},
  year={2009},
  publisher={Springer}
}

@article{habier2007impact,
  title={The impact of genetic relationship information on genome-assisted breeding values},
  author={Habier, David and Fernando, Rohan L. and Dekkers, Jack C. M.},
  journal={Genetics},
  volume={177},
  number={4},
  pages={2389--2397},
  year={2007},
  publisher={Oxford University Press}
}

@article{meuwissen2013accelerating,
  title={Accelerating improvement of livestock with genomic selection},
  author={Meuwissen, Theo H. E. and Hayes, Ben John and Goddard, Michael E.},
  journal={Annual Review of Animal Biosciences},
  volume={1},
  number={1},
  pages={221--237},
  year={2013},
  publisher={Annual Reviews}
}

@article{meuwissen2016genomic,
  title={Genomic selection: A paradigm shift in animal breeding},
  author={Meuwissen, Theo H. E. and Hayes, Ben John and Goddard, Michael E.},
  journal={Animal Frontiers},
  volume={6},
  number={1},
  pages={6--14},
  year={2016},
  publisher={Oxford University Press},
  doi={https://doi.org/10.2527/af.2016-0002}
}

@article{hickey2017genomic,
  title={Genomic prediction unifies animal and plant breeding programs to form platforms for biological discovery},
  author={Hickey, John M. and Chiurugwi, Tinashe and Mackay, Ian and Powell, Wayne},
  journal={Nature Genetics},
  volume={49},
  number={9},
  pages={1297--1303},
  year={2017},
  publisher={Nature Publishing Group US New York}
}

@article{wright1922coefficients,
  title={Coefficients of inbreeding and relationship},
  author={Wright, Sewall},
  journal={The American Naturalist},
  volume={56},
  number={645},
  pages={330--338},
  year={1922},
  publisher={Science Press}
}

@article{weir2006genetic,
  title={Genetic relatedness analysis: modern data and new challenges},
  author={Weir, Bruce S. and Anderson, Amy D. and Hepler, Amanda B.},
  journal={Nature Reviews Genetics},
  volume={7},
  number={10},
  pages={771--780},
  year={2006},
  publisher={Nature Publishing Group},
  doi={https://doi.org/10.1038/nrg1960}
}

@article{jones2003methods,
  title={Methods of parentage analysis in natural populations},
  author={Jones, Adam G. and Ardren, William R.},
  journal={Molecular Ecology},
  volume={12},
  number={10},
  pages={2511--2523},
  year={2003},
  publisher={Wiley Online Library},
  doi={https://doi.org/10.1046/j.1365-294X.2003.01928.x}
}

@book{henderson1984animalmodel, 
    title={Applications of Linear Models in Animal Breeding},
    author={Henderson, C. R.},
    year={1984},
    address={Guelph},
    publisher={University of Guelph Press}
}

@article{gienapp2017genomic,
  title={Genomic quantitative genetics to study evolution in the wild},
  author={Gienapp, Phillip and Fior, Simone and Guillaume, Fr{\'e}d{\'e}ric and Lasky, Jesse R. and Sork, Victoria L. and Csill{\'e}ry, Katalin},
  journal={Trends in Ecology \& Evolution},
  volume={32},
  number={12},
  pages={897--908},
  year={2017},
  publisher={Elsevier},
  doi={https://doi.org/10.1016/j.tree.2017.09.004}
}

@article{gienapp2019genomic,
  title={Genomic selection on breeding time in a wild bird population},
  author={Gienapp, Phillip and Calus, Mario P. L. and Laine, Veronika N. and Visser, Marcel E.},
  journal={Evolution Letters},
  volume={3},
  number={2},
  pages={142--151},
  year={2019},
  publisher={Wiley Online Library}
}

@article{verhagen2019genetic,
  title={Genetic and phenotypic responses to genomic selection for timing of breeding in a wild songbird},
  author={Verhagen, Irene and Gienapp, Phillip and Laine, Veronika N. and van Grevenhof, Elizabeth M. and Mateman, Andrea Christa and van Oers, Kees and Visser, Marcel E.},
  journal={Functional Ecology},
  volume={33},
  number={9},
  pages={1708--1721},
  year={2019},
  publisher={Wiley Online Library}
}

@article{lindner2023genotypes,
  title={Genotypes selected for early and late avian lay date differ in their phenotype, but not fitness, in the wild},
  author={Lindner, Melanie and Ramakers, Jip J. C. and Verhagen, Irene and Tomotani, Barbara M. and Mateman, Andrea Christa and Gienapp, Phillip and Visser, Marcel E.},
  journal={Science Advances},
  volume={9},
  number={23},
  pages={eade6350},
  year={2023},
  publisher={American Association for the Advancement of Science}
}

@article{lindner2024genetic,
  title={Genetic and epigenetic differentiation in response to genomic selection for avian lay date},
  author={Lindner, Melanie and Verhagen, Irene and Mateman, Andrea Christa and van Oers, Kees and Laine, Veronika N. and Visser, Marcel E.},
  journal={Evolutionary Applications},
  volume={17},
  number={7},
  pages={e13703},
  year={2024},
  publisher={Wiley Online Library}
}

@article{gauzere2023polygenic,
  title={A polygenic basis for birth weight in a wild population of red deer ({C}ervus elaphus)},
  author={Gauzere, Julie and Pemberton, Josephine M. and Slate, Jon and Morris, Alison and Morris, Sean and Walling, Craig A. and Johnston, Susan E.},
  journal={G3: Genes, Genomes, Genetics},
  volume={13},
  number={4},
  pages={jkad018},
  year={2023},
  publisher={Oxford University Press US}
}

@article{strickland2024microevolutionary,
  title={Microevolutionary change in wild stickleback: {U}sing integrative time-series data to infer responses to selection},
  author={Strickland, Kasha and Matthews, Blake and J{\'o}nsson, Zophon{\'\i}as O and Kristj{\'a}nsson, Bjarni K. and Phillips, Joseph S. and Einarsson, {\'A}rni and Räsänen, Katja},
  journal={Proceedings of the National Academy of Sciences},
  volume={121},
  number={37},
  pages={e2410324121},
  year={2024},
  publisher={National Academy of Sciences}
}

@article{vanHeerwaarden2008population,
  title={Population bottlenecks increase additive genetic variance but do not break a selection limit in rain forest {D}rosophila},
  author={Van Heerwaarden, Belinda and Willi, Yvonne and Kristensen, Torsten N. and Hoffmann, Ary A.},
  journal={Genetics},
  volume={179},
  number={4},
  pages={2135--2146},
  year={2008},
  publisher={Oxford University Press},
  doi={https://doi.org/10.1534/genetics.107.082768}
}

@article{jarvis2011effect,
  title={The effect of a population bottleneck on the evolution of genetic variance/covariance structure},
  author={Jarvis, J. P. and Cropp, S. N. and Vaughn, T. T. and Pletscher, L. S. and King-Ellison, K. and Adams-Hunt, E. and Erickson, C. and Cheverud, J. M.},
  journal={Journal of Evolutionary Biology},
  volume={24},
  number={10},
  pages={2139--2152},
  year={2011},
  publisher={Wiley Online Library},
  doi={https://doi.org/10.1111/j.1420-9101.2011.02347.x}
}

@article{taft2012bottlenecks,
  title={Do bottlenecks increase additive genetic variance?},
  author={Taft, Heather R. and Roff, Derek A.},
  journal={Conservation Genetics},
  volume={13},
  number={2},
  pages={333--342},
  year={2012},
  publisher={Springer},
  doi={https://doi.org/10.1007/s10592-011-0285-y}
}

@article{thompson2013identity,
  title={Identity by descent: variation in meiosis, across genomes, and in populations},
  author={Thompson, Elizabeth A.},
  journal={Genetics},
  volume={194},
  number={2},
  pages={301--326},
  year={2013},
  publisher={Genetics Soc America},
  doi={https://doi.org/10.1534/genetics.112.148825}
}

@article{holsinger2009genetics,
  title={Genetics in geographically structured populations: defining, estimating and interpreting {$F_{ST}$}},
  author={Holsinger, Kent E. and Weir, Bruce S.},
  journal={Nature Reviews Genetics},
  volume={10},
  number={9},
  pages={639--650},
  year={2009},
  publisher={Nature Publishing Group UK London}
}

@article{weir2017unified,
  title={A unified characterization of population structure and relatedness},
  author={Weir, Bruce S. and Goudet, J{\'e}r{\^o}me},
  journal={Genetics},
  volume={206},
  number={4},
  pages={2085--2103},
  year={2017},
  publisher={Genetics Soc America},
  doi={https://doi.org/10.1534/genetics.116.198424}
}

@article{isidro2015training,
  title={Training set optimization under population structure in genomic selection},
  author={Isidro y S{\'a}nchez, Julio and Jannink, Jean-Luc and Akdemir, Deniz and Poland, Jesse and Heslot, Nicolas and Sorrells, Mark E},
  journal={Theoretical and Applied Genetics},
  volume={128},
  number={1},
  pages={145--158},
  year={2015},
  publisher={Springer}
}

@article{akdemir2019design,
  title={Design of training populations for selective phenotyping in genomic prediction},
  author={Akdemir, Deniz and Isidro y S{\'a}nchez, Julio},
  journal={Scientific Reports},
  volume={9},
  number={1},
  pages={1--15},
  year={2019},
  publisher={Nature Publishing Group}
}

@article{rio2019genomic,
  title={Genomic selection efficiency and a priori estimation of accuracy in a structured dent maize panel},
  author={Rio, Simon and Mary-Huard, Tristan and Moreau, Laurence and Charcosset, Alain},
  journal={Theoretical and Applied Genetics},
  volume={132},
  number={1},
  pages={81--96},
  year={2019},
  publisher={Springer}
}

@article{rio2020accounting,
  title={Accounting for group-specific allele effects and admixture in genomic predictions: theory and experimental evaluation in maize},
  author={Rio, Simon and Moreau, Laurence and Charcosset, Alain and Mary-Huard, Tristan},
  journal={Genetics},
  volume={216},
  number={1},
  pages={27--41},
  year={2020},
  publisher={Genetics Soc America},
  doi={https://doi.org/10.1534/genetics.120.303278}
}

@article{rio2020disentangling,
  title={Disentangling group specific {QTL} allele effects from genetic background epistasis using admixed individuals in {GWAS}: an application to maize flowering},
  author={Rio, Simon and Mary-Huard, Tristan and Moreau, Laurence and Bauland, Cyril and Palaffre, Carine and Madur, Delphine and Combes, Val{\'e}rie and Charcosset, Alain},
  journal={PLoS Genetics},
  volume={16},
  number={3},
  pages={e1008241},
  year={2020},
  publisher={Public Library of Science},
  doi={https://doi.org/10.1371/journal.pgen.1008241}
 }

@article{rio2021genomic,
  title={Genomic prediction and training set optimization in a structured Mediterranean oat population},
  author={Rio, Simon and Gallego-S{\'a}nchez, Luis and Montilla-Basc{\'o}n, Gracia and Canales, Francisco J. and Isidro y S{\'a}nchez, Julio and Prats, Elena},
  journal={Theoretical and Applied Genetics},
  volume={134},
  number={11},
  pages={3595--3609},
  year={2021},
  publisher={Springer}
}

@article{technow2012genomic,
  title={Genomic prediction of hybrid performance in maize with models incorporating dominance and population specific marker effects},
  author={Technow, Frank and Riedelsheimer, Christian and Schrag, Tobias A. and Melchinger, Albrecht E.},
  journal={Theoretical and Applied Genetics},
  volume={125},
  number={6},
  pages={1181--1194},
  year={2012},
  publisher={Springer},
  doi={https://doi.org/10.1007/s00122-012-1905-8}
}

@article{beck2000genealogies,
  title={Genealogies of mouse inbred strains},
  author={Beck, Jon A. and Lloyd, Sarah and Hafezparast, Majid and Lennon-Pierce, Moyha and Eppig, Janan T. and Festing, Michael F. W. and Fisher, Elizabeth M. C.},
  journal={Nature Genetics},
  volume={24},
  number={1},
  pages={23--25},
  year={2000},
  publisher={Nature Publishing Group},
  doi={https://doi.org/10.1038/71641}
}

@article{chase1952production,
  title={Production of Homozygous Diploids of Maize from Monoploids 1},
  author={Chase, Sherret S.},
  journal={Agronomy Journal},
  volume={44},
  number={5},
  pages={263--267},
  year={1952},
  publisher={American Society of Agronomy},
  doi={https://doi.org/10.2134/agronj1952.00021962004400050010x}
}

@article{crossa2017genomic,
  title={Genomic selection in plant breeding: methods, models, and perspectives},
  author={Crossa, Jos{\'e} and P{\'e}rez-Rodr{\'\i}guez, Paulino and Cuevas, Jaime and Montesinos-L{\'o}pez, Osval and Jarqu{\'\i}n, Diego and de los Campos, Gustavo and Burgue{\~n}o, Juan and Gonz{\'a}lez-Camacho, Juan M. and P{\'e}rez-Elizalde, Sergio and Beyene, Yoseph and others},
  journal={Trends in Plant Science},
  volume={22},
  number={11},
  pages={961--975},
  year={2017},
  publisher={Elsevier},
  doi={https://doi.org/10.1016/j.tplants.2017.08.011}
}

@article{makgahlela2013across,
  title={Across breed multi-trait random regression genomic predictions in the {N}ordic {R}ed dairy cattle},
  author={Makgahlela, Mahlako Linah and Mäntysaari, Esa A. and Strand{\'e}n, Ismo and Koivula, Minna and Nielsen, U. S. and Sillanpää, Mikko J. and Juga, Jarmo},
  journal={Journal of Animal Breeding and Genetics},
  volume={130},
  number={1},
  pages={10--19},
  year={2013},
  publisher={Wiley Online Library},
  doi={https://doi.org/10.1111/j.1439-0388.2012.01017.x}
}

@article{de2008linkage,
  title={Linkage disequilibrium and persistence of phase in {H}olstein--{F}riesian, {J}ersey and {A}ngus cattle},
  author={de Roos, A. P. W. and Hayes, Ben John and Spelman, R. J. and Goddard, Michael E.},
  journal={Genetics},
  volume={179},
  number={3},
  pages={1503--1512},
  year={2008},
  publisher={Genetics Society of America},
  doi={https://doi.org/10.1534/genetics.107.084301}
}

@article{hayes2009increased,
  title={Increased accuracy of artificial selection by using the realized relationship matrix},
  author={Hayes, Ben John and Visscher, Peter M. and Goddard, Michael E.},
  journal={Genetics Research},
  volume={91},
  number={1},
  pages={47--60},
  year={2009},
  publisher={Cambridge University Press},
  doi={https://doi.org/10.1017/S0016672308009981}
}

@article{hayes2009accuracy,
  title={Accuracy of genomic breeding values in multi-breed dairy cattle populations},
  author={Hayes, Ben John and Bowman, Phillip J and Chamberlain, Amanda C. and Verbyla, Klara and Goddard, Michael E.},
  journal={Genetics Selection Evolution},
  volume={41},
  pages={1--9},
  year={2009},
  publisher={Springer}
}

@article{yang2011gcta,
  title={{GCTA}: a tool for genome-wide complex trait analysis},
  author={Yang, Jian and Lee, S. Hong and Goddard, Michael E. and Visscher, Peter M.},
  journal={The American Journal of Human Genetics},
  volume={88},
  number={1},
  pages={76--82},
  year={2011},
  publisher={Elsevier},
  doi={https://doi.org/10.1016/j.ajhg.2010.11.011}
}

@article{garcia2006multibreed,
  title={Multibreed analysis by splitting the breeding values},
  author={Garc{\'i}a-Cort{\'e}s, Luis Alberto and Toro, Miguel {\'A}ngel},
  journal={Genetics Selection Evolution},
  volume={38},
  number={6},
  pages={1--16},
  year={2006},
  publisher={BioMed Central},
  doi={https://doi.org/10.1186/1297-9686-38-6-601}
}
@article{cantet1995prediction,
  title={Prediction of breeding values with additive animal models for crosses from 2 populations},
  author={Cantet, R. J. C. and Fernando, Rohan L.},
  journal={Genetics Selection Evolution},
  volume={27},
  number={4},
  pages={1--12},
  year={1995},
  publisher={BioMed Central},
  doi={https://doi.org/10.1186/1297-9686-27-4-323}
}

@article{lo1993covariance,
  title={Covariance between relatives in multibreed populations: additive model},
  author={Lo, L. L. and Fernando, Rohan L. and Grossman, M.},
  journal={Theoretical and Applied Genetics},
  volume={87},
  number={4},
  pages={423--430},
  year={1993},
  publisher={Springer},
  doi={https://doi.org/10.1007/BF00215087}
}

@article{slatkin1994segregation,
  title={Segregation variance after hybridization of isolated populations},
  author={Slatkin, Montgomery and Lande, Russell},
  journal={Genetics Research},
  volume={64},
  number={1},
  pages={51--56},
  year={1994},
  publisher={Cambridge University Press},
  doi={https://doi.org/10.1017/S0016672300032547}
}

@article{legarra2016comparing,
  title={Comparing estimates of genetic variance across different relationship models},
  author={Legarra, Andres},
  journal={Theoretical Population Biology},
  volume={107},
  pages={26--30},
  year={2016},
  publisher={Elsevier},
  doi={https://doi.org/10.1016/j.tpb.2015.08.005}
}

@article{al2017application,
  title={Application of genomic estimation methods of inbreeding and population structure in an Arabian Horse Herd},
  author={Al Abri, Mohammed A. and K{\"o}nig von Borstel, Uta and Strecker, Veronique and Brooks, Samantha A.},
  journal={Journal of Heredity},
  volume={108},
  number={4},
  pages={361--368},
  year={2017},
  publisher={Oxford University Press US},
  doi={https://doi.org/10.1093/jhered/esx025}
}

@article{he2008point,
  title={Point estimates for variance-structure parameters in {B}ayesian analysis of hierarchical models},
  author={He, Yi and Hodges, James S.},
  journal={Computational Statistics \& Data Analysis},
  volume={52},
  number={5},
  pages={2560--2577},
  year={2008},
  publisher={Elsevier},
  doi={https://doi.org/10.1016/j.csda.2007.08.021}
}

@article{dadousis2014comparison,
  title={A comparison of principal component regression and genomic {REML} for genomic prediction across populations},
  author={Dadousis, Christos and Veerkamp, Roel F. and Heringstad, Bj{\o}rg and Pszczola, Marcin and Calus, Mario P. L.},
  journal={Genetics Selection Evolution},
  volume={46},
  number={1},
  pages={1--14},
  year={2014},
  publisher={BioMed Central}
}

@article{hidalgo2016accuracy,
  title={Accuracy of genomic prediction of purebreds for cross bred performance in pigs},
  author={Hidalgo, Andr{\'e} Marubayashi and Bastiaansen, J. W. M. and Lopes, M. S. and Calus, Mario P. L. and De Koning, D. J.},
  journal={Journal of Animal Breeding and Genetics},
  volume={133},
  number={6},
  pages={443--451},
  year={2016},
  publisher={Wiley Online Library}
}

@article{de2023investigating,
  title={Investigating the impact of non-additive genetic effects in the estimation of variance components and genomic predictions for heat tolerance and performance traits in crossbred and purebred pig populations},
  author={de Oliveira, Let{\'\i}cia Fernanda and Brito, Luiz F. and Marques, Daniele Botelho Diniz and da Silva, Delvan Alves and Lopes, Paulo S{\'a}vio and Dos Santos, Cassiane Gomes and Johnson, Jay S. and Veroneze, Renata},
  journal={BMC Genomic Data},
  volume={24},
  number={1},
  pages={76},
  year={2023},
  publisher={Springer}
}

@article{wientjes2013effect,
  title={The effect of linkage disequilibrium and family relationships on the reliability of genomic prediction},
  author={Wientjes, Yvonne C. J. and Veerkamp, Roel F. and Calus, Mario P. L.},
  journal={Genetics},
  volume={193},
  number={2},
  pages={621--631},
  year={2013},
  publisher={Oxford University Press}
}

@article{wientjes2015empirical,
  title={Empirical and deterministic accuracies of across-population genomic prediction},
  author={Wientjes, Yvonne C. J. and Veerkamp, Roel F. and Bijma, Piter and Bovenhuis, Henk and Schrooten, Chris and Calus, Mario P. L.},
  journal={Genetics Selection Evolution},
  volume={47},
  number={1},
  pages={1--14},
  year={2015},
  publisher={Springer}
}

@article{wientjes2016equation,
  title={An equation to predict the accuracy of genomic values by combining data from multiple traits, populations, or environments},
  author={Wientjes, Yvonne C. J. and Bijma, Piter and Veerkamp, Roel F. and Calus, Mario P. L.},
  journal={Genetics},
  volume={202},
  number={2},
  pages={799--823},
  year={2016},
  publisher={Oxford University Press}
}

@article{wientjes2017multi,
  title={Multi-population genomic relationships for estimating current genetic variances within and genetic correlations between populations},
  author={Wientjes, Yvonne C. J. and Bijma, Piter and Vandenplas, J{\'e}r{\'e}mie and Calus, Mario P. L.},
  journal={Genetics},
  volume={207},
  number={2},
  pages={503--515},
  year={2017},
  publisher={Genetics Soc America},
  doi={https://doi.org/10.1534/genetics.117.300152}
}

@article{van2019predicting,
  title={Predicting the effect of reference population on the accuracy of within, across, and multibreed genomic prediction},
  author={Van den Berg, I. and Meuwissen, Theo H. E. and MacLeod, I. M. and Goddard, Michael E.},
  journal={Journal of Dairy Science},
  volume={102},
  number={4},
  pages={3155--3174},
  year={2019},
  publisher={Elsevier}
}

@article{moghaddar2014comparing,
  title={Comparing genomic prediction accuracy from purebred, crossbred and combined purebred and crossbred reference populations in sheep},
  author={Moghaddar, Nasir and Swan, Andrew A. and van der Werf, Julius H. J.},
  journal={Genetics Selection Evolution},
  volume={46},
  number={1},
  pages={1--10},
  year={2014},
  publisher={Springer}
}

@article{duenk2020impact,
  title={The impact of non-additive effects on the genetic correlation between populations},
  author={Duenk, Pascal and Bijma, Piter and Calus, Mario P. L. and Wientjes, Yvonne C. J. and van der Werf, Julius H. J.},
  journal={G3: Genes, Genomes, Genetics},
  volume={10},
  number={2},
  pages={783--795},
  year={2020},
  publisher={Oxford University Press}
}

@article{kardos2016genomics,
  title={Genomics advances the study of inbreeding depression in the wild},
  author={Kardos, Marty and Taylor, Helen R. and Ellegren, Hans and Luikart, Gordon and Allendorf, Fred W.},
  journal={Evolutionary Applications},
  volume={9},
  number={10},
  pages={1205--1218},
  year={2016},
  publisher={Wiley Online Library},
  doi={https://doi.org/10.1111/eva.12414}
}

@article{edwards2015two,
  title={Two molecular measures of relatedness based on haplotype sharing},
  author={Edwards, David},
  journal={BMC Bioinformatics},
  volume={16},
  number={1},
  pages={383},
  year={2015},
  publisher={Springer},
  doi={https://doi.org/10.1186/s12859-015-0802-y}
}

@article{wang2017efficient,
  title={Efficient estimation of realized kinship from single nucleotide polymorphism genotypes},
  author={Wang, Bowen and Sverdlov, Serge and Thompson, Elizabeth A.},
  journal={Genetics},
  volume={205},
  number={3},
  pages={1063--1078},
  year={2017},
  publisher={Genetics Soc America},
  doi={https://doi.org/10.1534/genetics.116.197004}
}

@article{stranden2013use,
  title={Use of random regression model as an alternative for multibreed relationship matrix},
  author={Strand{\'e}n, Ismo and Mäntysaari, Esa A.},
  journal={Journal of Animal Breeding and Genetics},
  volume={130},
  number={1},
  pages={4--9},
  year={2013},
  publisher={Wiley Online Library},
  doi={https://doi.org/10.1111/jbg.12014}
}

@article{excoffier2003gametic,
  title={Gametic phase estimation over large genomic regions using an adaptive window approach},
  author={Excoffier, Laurent and Laval, Guillaume and Balding, David J.},
  journal={Human Genomics},
  volume={1},
  number={1},
  pages={1--13},
  year={2003},
  publisher={BioMed Central},
  doi={https://doi.org/10.1186/1479-7364-1-1-7}
}

@article{flanagan2019future,
  title={The future of parentage analysis: From microsatellites to {SNP}s and beyond},
  author={Flanagan, Sarah P. and Jones, Adam G.},
  journal={Molecular Ecology},
  volume={28},
  number={3},
  pages={544--567},
  year={2019},
  publisher={Wiley Online Library},
  doi={https://doi.org/10.1111/mec.14988}
}

@article{quaas1988additive,
  title={Additive genetic model with groups and relationships},
  author={Quaas, R. L.},
  journal={Journal of Dairy Science},
  volume={71},
  number={5},
  pages={1338--1345},
  year={1988},
  publisher={Elsevier},
  doi={https://doi.org/10.3168/jds.S0022-0302(88)79691-5}
}

@article{charmantier2016mediterranean,
  title={Mediterranean blue tits as a case study of local adaptation},
  author={Charmantier, Anne and Doutrelant, Claire and Dubuc-Messier, Gabrielle and Fargevieille, Am{\'e}lie and Szulkin, Marta},
  journal={Evolutionary Applications},
  volume={9},
  number={1},
  pages={135--152},
  year={2016},
  publisher={Wiley Online Library},
  doi={https://doi.org/10.1111/eva.12282}
}

@article{wolak2016pairing,
  title={Is pairing with a relative heritable? Estimating female and male genetic contributions to the degree of biparental inbreeding in song sparrows ({M}elospiza melodia)},
  author={Wolak, Matthew E. and Reid, Jane M.},
  journal={The American Naturalist},
  volume={187},
  number={6},
  pages={736--752},
  year={2016},
  publisher={University of Chicago Press Chicago, IL},
  doi={https://doi.org/10.1086/686198}
}

@article{grueneberg2019bgdata,
  title={{BGD}ata - A Suite of \textsf{R} Packages for Genomic Analysis with Big Data},
  author={Grueneberg, Alexander and de los Campos, Gustavo},
  journal={G3: Genes, Genomes, Genetics},
  volume={9},
  number={5},
  pages={1377--1383},
  year={2019},
  publisher={G3: Genes, Genomes, Genetics},
  doi={https://doi.org/10.1534/g3.119.400018}
}

@article{padhukasahasram2014inferring,
  title={Inferring ancestry from population genomic data and its applications},
  author={Padhukasahasram, Badri},
  journal={Frontiers in Genetics},
  volume={5},
  pages={204},
  year={2014},
  publisher={Frontiers},
  doi={https://doi.org/10.3389/fgene.2014.00204}
}

@article{fuglstad2018intuitive,
  title={Intuitive joint priors for variance parameters},
  author={Fuglstad, Geir-Arne and Hem, Ingeborg Gullikstad and Knight, Alexander and Rue, Håvard and Riebler, Andrea and others},
  journal={Bayesian Analysis},
  year={2018},
  publisher={International Society for Bayesian Analysis},
  doi={https://doi.org/10.1214/19-BA1185}
}

@article{hem2021robust,
  title={Robust modeling of additive and nonadditive variation with intuitive inclusion of expert knowledge},
  author={Hem, Ingeborg Gullikstad and Selle, Maria Lie and Gorjanc, Gregor and Fuglstad, Geir-Arne and Riebler, Andrea},
  journal={Genetics},
  volume={217},
  number={3},
  pages={iyab002},
  year={2021},
  publisher={Oxford University Press},
  doi={https://doi.org/10.1093/genetics/iyab002}
}

@online{loterTutorial,
  author = {Dias-Alves, Thomas and Mairal, Julien and Blum, Michael G. B.},
  title = {Local Ancestry Example},
  year = {2019},
  url = {https://github.com/bcm-uga/Loter/blob/master/python-package/Local_Ancestry_Example.ipynb},
  urldate = {2020-12-15}
}

@article{dias2018loter,
  title={Loter: A software package to infer local ancestry for a wide range of species},
  author={Dias-Alves, Thomas and Mairal, Julien and Blum, Michael G. B.},
  journal={Molecular Biology and Evolution},
  volume={35},
  number={9},
  pages={2318--2326},
  year={2018},
  publisher={Oxford University Press},
  doi={https://doi.org/10.1093/molbev/msy126}
}

@article{ovaskainen2008bayesian,
  title={A {B}ayesian framework for comparative quantitative genetics},
  author={Ovaskainen, Otso and Cano, Jos{\'e} Manuel and Meril{\"a}, Juha},
  journal={Proceedings of the Royal Society B: Biological Sciences},
  volume={275},
  number={1635},
  pages={669--678},
  year={2008},
  publisher={The Royal Society London},
  doi={https://doi.org/10.1098/rspb.2007.0949}
}

@article{browning2018one,
  title={A one-penny imputed genome from next-generation reference panels},
  author={Browning, Brian L. and Zhou, Ying and Browning, Sharon R.},
  journal={The American Journal of Human Genetics},
  volume={103},
  number={3},
  pages={338--348},
  year={2018},
  publisher={Elsevier},
  doi={https://doi.org/10.1016/j.ajhg.2018.07.015}
}

@article{kuismin2017cone,
  title={{CONE}: community oriented network estimation is a versatile framework for inferring population structure in large-scale sequencing data},
  author={Kuismin, Markku O. and Ahlinder, Jon and Sillanpää, Mikko J.},
  journal={G3: Genes, Genomes, Genetics},
  volume={7},
  number={10},
  pages={3359--3377},
  year={2017},
  publisher={G3: Genes, Genomes, Genetics},
  doi={https://doi.org/10.1534/g3.117.300131}
}

@article{kuismin2020genetic,
  title={Genetic assignment of individuals to source populations using network estimation tools},
  author={Kuismin, Markku O. and Saatoglu, Dilan and Niskanen, Alina K. and Jensen, Henrik and Sillanpää, Mikko J.},
  journal={Methods in Ecology and Evolution},
  volume={11},
  number={2},
  pages={333--344},
  year={2020},
  publisher={Wiley Online Library},
  doi={https://doi.org/10.1111/2041-210X.13323}
}

@article{mackay1981genetic,
  title={Genetic variation in varying environments},
  author={Mackay, Trudy F. C.},
  journal={Genetics Research},
  volume={37},
  number={1},
  pages={79--93},
  year={1981},
  publisher={Cambridge University Press},
  doi={https://doi.org/10.1017/S0016672300020036}
}

@article{eding2002assessing,
  title={Assessing the contribution of breeds to genetic diversity in conservation schemes},
  author={Eding, Herwin and Crooijmans, Richard P. M. A. and Groenen, Martien A. M. and Meuwissen, Theo H. E.},
  journal={Genetics Selection Evolution},
  volume={34},
  number={5},
  pages={613--633},
  year={2002},
  publisher={EDP Sciences},
  doi={https://doi.org/10.1051/gse:2002027}
}

@article{frankham1995conservation,
  title={Conservation genetics},
  author={Frankham, Richard},
  journal={Annual review of genetics},
  volume={29},
  number={1},
  pages={305--327},
  year={1995},
  publisher={Annual Reviews 4139 El Camino Way, PO Box 10139, Palo Alto, CA 94303-0139, USA}
}

@article{frankham1996relationship,
  title={Relationship of genetic variation to population size in wildlife},
  author={Frankham, Richard},
  journal={Conservation biology},
  volume={10},
  number={6},
  pages={1500--1508},
  year={1996},
  publisher={Wiley Online Library},
  doi={https://doi.org/10.1046/j.1523-1739.1996.10061500.x}
}

@book{frankham2010introduction,
   title = {Introduction to Conservation Genetics},
   author = {Frankham, Richard and Ballou, Jonathan and Briscoe, David},
   publisher = {Cambridge University Press},
   isbn = {978-0-521-70271-3},
   year = {2010},
   edition = {2nd}
}

@article{deyoung2005molecular,
  title={The molecular toolbox: genetic techniques in wildlife ecology and management},
  author={DeYoung, Randy W. and Honeycutt, Rodney L.},
  journal={The Journal of Wildlife Management},
  volume={69},
  number={4},
  pages={1362--1384},
  year={2005},
  publisher={Wiley Online Library},
  doi={https://doi.org/10.2193/0022-541X(2005)69[1362:TMTGTI]2.0.CO;2}
}

@article{clutton2010individuals,
  title={Individuals and populations: the role of long-term, individual-based studies of animals in ecology and evolutionary biology},
  author={Clutton-Brock, Tim and Sheldon, Ben C.},
  journal={Trends in Ecology \& Evolution},
  volume={25},
  number={10},
  pages={562--573},
  year={2010},
  publisher={Elsevier},
  doi={https://doi.org/10.1016/j.tree.2010.08.002}
}

@article{andrews2016harnessing,
  title={Harnessing the power of {RAD}seq for ecological and evolutionary genomics},
  author={Andrews, Kimberly R. and Good, Jeffrey M. and Miller, Michael R. and Luikart, Gordon and Hohenlohe, Paul A.},
  journal={Nature Reviews Genetics},
  volume={17},
  number={2},
  pages={81},
  year={2016},
  publisher={Nature Publishing Group},
  doi={https://doi.org/10.1038/nrg.2015.28}
}



@article{fuller2020absence,
  title={Absence of founder effect and evidence for adaptive divergence in a recently introduced insular population of white-tailed deer ({O}docoileus virginianus)},
  author={Fuller, J{\'e}r{\'e}mie and Ferchaud, Anne-Laure and Laporte, Martin and Le Luyer, J{\'e}r{\'e}my and Davis, Theodore B. and C{\^o}t{\'e}, Steeve D. and Bernatchez, Louis},
  journal={Molecular ecology},
  volume={29},
  number={1},
  pages={86--104},
  year={2020},
  publisher={Wiley Online Library},
  doi={https://doi.org/10.1111/mec.15317}
}

@article{frentiu2008pedigreefree,
  title={Pedigree-free animal models: the relatedness matrix reloaded},
  author={Frentiu, Francesca D. and Clegg, Sonya M. and Chittock, John and Burke, Terry and Blows, Mark W. and Owens, Ian P. F.},
  journal={Proceedings of the Royal Society B: Biological Sciences},
  volume={275},
  number={1635},
  pages={639--647},
  year={2008},
  publisher={The Royal Society London},
  doi={https://doi.org/10.1098/rspb.2007.1032}
}

@article{jamieson2020heritability,
  title={Heritability estimates of antler and body traits in white-tailed deer (Odocoileus virginianus) from genomic-relatedness matrices},
  author={Jamieson, Aidan and Anderson, Spencer J. and Fuller, J{\'e}r{\'e}mie and C{\^o}t{\'e}, Steeve D. and Northrup, Joseph M. and Shafer, Aaron B. A.},
  journal={Journal of Heredity},
  volume={111},
  number={5},
  pages={429--435},
  year={2020},
  publisher={Oxford University Press US},
  doi={https://doi.org/10.1093/jhered/esaa023}
}

@article{chen2018assign,
  title={assign{POP}: An \textsf{R} package for population assignment using genetic, non-genetic, or integrated data in a machine-learning framework},
  author={Chen, Kuan-Yu and Marschall, Elizabeth A. and Sovic, Michael G. and Fries, Anthony C. and Gibbs, H. Lisle and Ludsin, Stuart A.},
  journal={Methods in Ecology and Evolution},
  volume={9},
  number={2},
  pages={439--446},
  year={2018},
  publisher={Wiley Online Library},
  doi={https://doi.org/10.1111/2041-210X.12897}
}

@article{utsunomiya2020unsupervised,
  title={Unsupervised detection of ancestry tracks with the {GHap} \textsf{R} package},
  author={Utsunomiya, Yuri Tani and Milanesi, Marco and Barbato, Mario and Utsunomiya, Adam Taiti Harth and S{\"o}lkner, Johann and Ajmone-Marsan, Paolo and Garcia, Jos{\'e} Fernando},
  journal={Methods in Ecology and Evolution},
  volume={11},
  number={11},
  pages={1448--1454},
  year={2020},
  publisher={Wiley Online Library},
  doi={https://doi.org/10.1111/2041-210X.13467}
}

@article{stanton2013estimating,
  title={Estimating heritability using genomic data},
  author={Stanton-Geddes, John and Yoder, Jeremy B. and Briskine, Roman and Young, Nevin D. and Tiffin, Peter},
  journal={Methods in Ecology and Evolution},
  volume={4},
  number={12},
  pages={1151--1158},
  year={2013},
  publisher={Wiley Online Library},
  doi={https://doi.org/10.1111/2041-210X.12129}
}

@article{yang2013efficient,
  title={Efficient inference of local ancestry},
  author={Yang, James J. and Li, Jia and Buu, Anne and Williams, L. Keoki},
  journal={Bioinformatics},
  volume={29},
  number={21},
  pages={2750--2756},
  year={2013},
  publisher={Oxford University Press},
  doi={https://doi.org/10.1093/bioinformatics/btt488}
}

@article{geza2019comprehensive,
  title={A comprehensive survey of models for dissecting local ancestry deconvolution in human genome},
  author={Geza, Ephifania and Mugo, Jacquiline and Mulder, Nicola J. and Wonkam, Ambroise and Chimusa, Emile R. and Mazandu, Gaston K.},
  journal={Briefings in Bioinformatics},
  volume={20},
  number={5},
  pages={1709--1724},
  year={2019},
  publisher={Oxford University Press},
  doi={https://doi.org/10.1093/bib/bby044}
}

@article{chang2015second,
  title={Second-generation {PLINK}: rising to the challenge of larger and richer datasets},
  author={Chang, Christopher C. and Chow, Carson C. and Tellier, Laurent C. A. M. and Vattikuti, Shashaank and Purcell, Shaun M. and Lee, James J.},
  journal={Gigascience},
  volume={4},
  number={1},
  pages={s13742--015},
  year={2015},
  publisher={Oxford University Press},
  doi={https://doi.org/10.1186/s13742-015-0047-8}
}

@article{schaeffer1991cr,
  title={{CR} {H}enderson: Contributions to predicting genetic merit},
  author={Schaeffer, L. R.},
  journal={Journal of Dairy Science},
  volume={74},
  number={11},
  pages={4052--4066},
  year={1991},
  publisher={Elsevier},
  doi={https://doi.org/10.3168/jds.S0022-0302(91)78601-3}
}

@article{quaas1981modified,
  title={Modified equations for sire models with groups},
  author={Quaas, R. L. and Pollak, EJ},
  journal={Journal of Dairy Science},
  volume={64},
  number={9},
  pages={1868--1872},
  year={1981},
  publisher={Elsevier},
  doi={https://doi.org/10.3168/jds.S0022-0302(81)82778-6}
}

@article{nietlisbach2017pedigree,
  title={Pedigree-based inbreeding coefficient explains more variation in fitness than heterozygosity at 160 microsatellites in a wild bird population},
  author={Nietlisbach, Pirmin and Keller, Lukas F. and Camenisch, Glauco and Guillaume, Fr{\'e}d{\'e}ric and Arcese, Peter and Reid, Jane M. and Postma, Erik},
  journal={Proceedings of the Royal Society B: Biological Sciences},
  volume={284},
  number={1850},
  pages={20162763},
  year={2017},
  publisher={The Royal Society},
  doi={https://doi.org/10.1098/rspb.2016.2763}
}

@article{ponzi2019simulation,
  title={The simulation extrapolation technique meets ecology and evolution: A general and intuitive method to account for measurement error},
  author={Ponzi, Erica and Keller, Lukas F. and Muff, Stefanie},
  journal={Methods in Ecology and Evolution},
  volume={10},
  number={10},
  pages={1734--1748},
  year={2019},
  publisher={Wiley Online Library},
  doi={https://doi.org/10.1111/2041-210X.13255}
}

@article{baalsrud2014effects,
  title={Effects of population characteristics and structure on estimates of effective population size in a house sparrow metapopulation},
  author={Baalsrud, Helle Tessand and Sæther, Bernt-Erik and Hagen, Ingerid Julie and Myhre, Ane Marlene and Ringsby, Thor-Harald and Pärn, Henrik and Jensen, Henrik},
  journal={Molecular Ecology},
  volume={23},
  number={11},
  pages={2653--2668},
  year={2014},
  publisher={Wiley Online Library},
  doi={https://doi.org/10.1111/mec.12770}
}

@article{santiago2024estimation,
  title={Estimation of the contemporary effective population size from SNP data while accounting for mating structure},
  author={Santiago, Enrique and Caballero, Armando and Köpke, Carlos and Novo, Irene},
  journal={Molecular Ecology Resources},
  volume={24},
  number={1},
  pages={e13890},
  year={2024},
  publisher={Wiley Online Library}
}

@article{jensen2008evolutionary,
  title={Evolutionary dynamics of a sexual ornament in the house sparrow ({P}asser domesticus): the role of indirect selection within and between sexes},
  author={Jensen, Henrik and Steinsland, Ingelin and Ringsby, Thor-Harald and Sæther, Bernt-Erik},
  journal={Evolution: International Journal of Organic Evolution},
  volume={62},
  number={6},
  pages={1275--1293},
  year={2008},
  publisher={Wiley Online Library},
  doi={https://doi.org/10.1111/j.1558-5646.2008.00395.x}
}

@article{billing2012evidence,
  title={Evidence of inbreeding depression but not inbreeding avoidance in a natural house sparrow population},
  author={Billing, Anna Maria and Lee, Aline Magdalena and Skjelseth, Sigrun and Borg, {\AA}sa Alexandra and Hale, Matthew C. and Slate, Jon and P{\"a}rn, Henrik and Ringsby, Thor-Harald and Sæther, Bernt-Erik and Jensen, Henrik},
  journal={Molecular Ecology},
  volume={21},
  number={6},
  pages={1487--1499},
  year={2012},
  publisher={Wiley Online Library}
}

@article{sorensen2001inferring,
  title={Inferring the trajectory of genetic variance in the course of artificial selection},
  author={Sorensen, Daniel and Fernando, Rohan L. and Gianola, D.},
  journal={Genetics Research},
  volume={77},
  number={1},
  pages={83--94},
  year={2001},
  publisher={Cambridge University Press},
  doi={https://doi.org/10.1017/S0016672300004845}
}

@article{ponzi2018heritability,
  title={Heritability, selection, and the response to selection in the presence of phenotypic measurement error: {E}ffects, cures, and the role of repeated measurements},
  author={Ponzi, Erica and Keller, Lukas F. and Bonnet, Timoth{\'e}e and Muff, Stefanie},
  journal={Evolution: International Journal of Organic Evolution},
  volume={72},
  number={10},
  pages={1992--2004},
  year={2018},
  publisher={Wiley Online Library},
  doi={https://doi.org/10.1111/evo.13573}
}

@article{saatoglu2021dispersal,
  title={Dispersal in a house sparrow metapopulation: an integrative case study of genetic assignment calibrated with ecological data and pedigree information},
  author={Saatoglu, Dilan and Niskanen, Alina K. and Kuismin, Markku O. and Ranke, Peter Sjolte and Hagen, Ingerid Juile and Araya-Ajoy, Yimen G. and Kvalnes, Thomas and Pärn, Henrik and Rønning, Bernt and Ringsby, Thor-Harald and others},
  journal={Molecular Ecology},
  year={2021},
  volume = {30},
  issue = {19},
  pages = {4740--4756},
  publisher={Wiley Online Library},
  doi={https://doi.org/10.1111/mec.16083}
}

@article{araya2021variation,
  title={Variation in generation time reveals density regulation as an important driver of pace of life in a bird metapopulation},
  author={Araya-Ajoy, Yimen G. and Niskanen, Alina K. and Froy, Hannah and Ranke, Peter Sjolte and Kvalnes, Thomas and Rønning, Bernt and Pepke, Michael L. and Jensen, Henrik and Ringsby, Thor-Harald and Sæther, Bernt-Erik and others},
  journal={Ecology Letters},
  year={2021},
  publisher={Wiley Online Library},
  doi={https://doi.org/10.1111/ele.13835}
}

@article{bulmer1971effect,
  title={The effect of selection on genetic variability},
  author={Bulmer, M. G.},
  journal={The American Naturalist},
  volume={105},
  number={943},
  pages={201--211},
  year={1971},
  publisher={University of Chicago Press},
  doi={https://doi.org/10.1086/282718}
}

@article{ranke2020multi,
  title={Multi-generational genetic consequences of reinforcement in a bird metapopulation},
  author={Ranke, Peter Sjolte and Skjelseth, Sigrun and Hagen, Ingerid Julie and Billing, Anna Maria and Pedersen, \{AA}sa Alexandra Borg and Pärn, Henrik and Ringsby, Thor-Harald and Sæther, Bernt-Erik and Jensen, Henrik},
  journal={Conservation Genetics},
  volume={21},
  number={3},
  pages={603--612},
  year={2020},
  publisher={Springer},
  doi={https://doi.org/10.1007/s10592-020-01273-7}
}

@article{ranke2021spatial,
  title={Spatial structure and dispersal dynamics in a house sparrow metapopulation},
  author={Ranke, Peter Sjolte and Araya-Ajoy, Yimen G. and Ringsby, Thor-Harald and Pärn, Henrik and Rønning, Bernt and Jensen, Henrik and Wright, Jonathan and Sæther, Bernt-Erik},
  journal={Journal of Animal Ecology},
  volume={90},
  number={12},
  pages={2767--2781},
  year={2021},
  publisher={Wiley Online Library}
}

@article{manolio2009finding,
  title={Finding the missing heritability of complex diseases},
  author={Manolio, Teri A. and Collins, Francis S. and Cox, Nancy J. and Goldstein, David B. and Hindorff, Lucia A. and Hunter, David J. and McCarthy, Mark I. and Ramos, Erin M. and Cardon, Lon R. and Chakravarti, Aravinda and others},
  journal={Nature},
  volume={461},
  number={7265},
  pages={747--753},
  year={2009},
  publisher={Nature Publishing Group},
  doi={https://doi.org/10.1038/nature08494}
}

@article{hadfield2010mcmc,
  title={{MCMC} methods for multi-response generalized linear mixed models: the {MCMC}glmm \textsf{R} package},
  author={Hadfield, Jarrod D.},
  journal={Journal of Statistical Software},
  volume={33},
  number={2},
  pages={1--22},
  year={2010},
  doi={https://doi.org/10.18637/jss.v033.i02}
}

@book{conner2004primer,
  title={A Primer of Ecological Genetics.},
  author={Conner, Jeffrey K. and Hartl, Daniel L.},
  year={2004},
  address={Sunderland},
  publisher={Sinauer Associates Incorporated}
}

@book{falconermackay,
    title={Introduction to Quantitative Genetics},
    author = {Falconer, D. S. and Mackay, Trudy F. C.},
    year = {1996},
    edition={4th},
    publisher={Longman}
}

@article{crnokrak1999inbreeding,
  title={Inbreeding depression in the wild},
  author={Crnokrak, Peter and Roff, Derek A.},
  journal={Heredity},
  volume={83},
  number={3},
  pages={260--270},
  year={1999},
  publisher={Nature Publishing Group},
  doi={https://doi.org/10.1038/sj.hdy.6885530}
}

@book{galwey2014introduction,
  title={Introduction to Mixed Modelling: Beyond Regression and Analysis of Variance},
  author={Galwey, Nicholas W.},
  year={2014},
  address={Hoboken},
  publisher={John Wiley \& Sons},
  edition={3}
}

@book{pinheiro2006mixed,
  title={Mixed-Effects Models in \textsf{S} and \textsf{S-PLUS}},
  author={Pinheiro, Jos{\'e} and Bates, Douglas},
  year={2006},
  address={Berlin},
  publisher={Springer Science \& Business Media}
}

@book{cohen2013applied,
  title={Applied Multiple Regression/Correlation Analysis for the Behavioral Sciences},
  author={Cohen, Jacob and Cohen, Patricia and West, Stephen G. and Aiken, Leona S.},
  edition={3},
  year={2013},
  address={Abingdon-on-Thames},
  publisher={Routledge}
}

@book{searle2009variance,
  title={Variance Components},
  author={Searle, Shayle R. and Casella, George and McCulloch, Charles E},
  volume={391},
  year={2006},
  edition={1},
  address={Hoboken},
  publisher={John Wiley \& Sons}
}

@book{faraway2016extending,
  title={Extending the Linear Model with \textsf{R}: Generalized Linear, Mixed Effects and Nonparametric Regression Models},
  author={Faraway, Julian J.},
  year={2016},
  address={Boca Raton},
  publisher={CRC press},
  edition={2}
}

@article{parn2012spatial,
  title={Spatial heterogeneity in the effects of climate and density-dependence on dispersal in a house sparrow metapopulation},
  author={Pärn, Henrik and Ringsby, Thor-Harald and Jensen, Henrik and Sæther, Bernt-Erik},
  journal={Proceedings of the Royal Society B: Biological Sciences},
  volume={279},
  number={1726},
  pages={144--152},
  year={2012},
  publisher={The Royal Society},
  doi={https://doi.org/10.1098/rspb.2011.0673}
}

@article{perrier2013understanding,
  title={Understanding admixture patterns in supplemented populations: a case study combining molecular analyses and temporally explicit simulations in {A}tlantic salmon},
  author={Perrier, Charles and Baglini{\`e}re, Jean-Luc and Evanno, Guillaume},
  journal={Evolutionary Applications},
  volume={6},
  number={2},
  pages={218--230},
  year={2013},
  publisher={Wiley Online Library},
  doi={https://doi.org/10.1111/j.1752-4571.2012.00280.x}
}

@article{leitwein2018genomic,
  title={Genomic consequences of a recent three-way admixture in supplemented wild brown trout populations revealed by local ancestry tracts},
  author={Leitwein, Maeva and Gagnaire, Pierre-Alexandre and Desmarais, Erick and Berrebi, Patrick and Guinand, Bruno},
  journal={Molecular Ecology},
  volume={27},
  number={17},
  pages={3466--3483},
  year={2018},
  publisher={Wiley Online Library},
  doi={https://doi.org/10.1111/mec.14816}
}

@Article{gaynor2021alphasimr,
    title = {Alpha{S}im{R}: an \textsf{R} package for breeding program simulations},
    author = {Gaynor, R. Chris and Gorjanc, Gregor and Hickey, John M.},
    journal = {G3 {G}ene|{G}enomes|{G}enetics},
    year = {2021},
    volume = {11},
    number = {jkaa017},
    issue = {2},
    note = {{jkaa017}},
    url = {https://doi.org/10.1093/g3journal/jkaa017},
}

@article{lara2022temporal,
  title={Temporal and genomic analysis of additive genetic variance in breeding programmes},
  author={Lara, Let{\'\i}cia A. de C. and Pocrnic, Ivan and Oliveira, Thiago de P. and Gaynor, R. Chris and Gorjanc, Gregor},
  journal={Heredity},
  volume={128},
  number={1},
  pages={21--32},
  year={2022},
  publisher={Springer International Publishing Cham}
}

@article{lehermeier2017genomic,
  title={Genomic variance estimates: With or without disequilibrium covariances?},
  author={Lehermeier, C. and de los Campos, Gustavos and Wimmer, V. and Sch{\"o}n, C.-C.},
  journal={Journal of Animal Breeding and Genetics},
  volume={134},
  number={3},
  pages={232--241},
  year={2017},
  publisher={Wiley Online Library}
}

@article{bangera2017genomic,
  title={Genomic predictions can accelerate selection for resistance against {P}iscirickettsia salmonis in {A}tlantic salmon ({S}almo salar)},
  author={Bangera, Rama and Correa, Katharina and Lhorente, Jean P. and Figueroa, Ren{\'e} and Y{\'a}{\~n}ez, Jos{\'e} M.},
  journal={BMC genomics},
  volume={18},
  number={1},
  pages={1--12},
  year={2017},
  publisher={BioMed Central}
}

@article{mcgaugh2021utility,
  title={The utility of genomic prediction models in evolutionary genetics},
  author={McGaugh, Suzanne E. and Lorenz, Aaron J. and Flagel, Lex E.},
  journal={Proceedings of the {R}oyal {S}ociety {B}},
  volume={288},
  number={1956},
  pages={20210693},
  year={2021},
  publisher={The Royal Society}
}

@article{schilling2018admixture,
  title={Admixture, evolution, and variation in reproductive isolation in the {B}oechera puberula clade},
  author={Schilling, Martin P and Gompert, Zachariah and Li, Fay-Wei and Windham, Michael D and Wolf, Paul G.},
  journal={BMC Evolutionary Biology},
  volume={18},
  number={1},
  pages={1--14},
  year={2018},
  publisher={BioMed Central},
  doi={https://doi.org/10.1186/s12862-018-1173-6}
}

@article{lecis2006bayesian,
  title={Bayesian analyses of admixture in wild and domestic cats ({F}elis silvestris) using linked microsatellite loci},
  author={Lecis, R. and Pierpaoli, M. and Biro, Z.S. and Szemethy, L. and Ragni, B. and Vercillo, F. and Randi, E.},
  journal={Molecular Ecology},
  volume={15},
  number={1},
  pages={119--131},
  year={2006},
  publisher={Wiley Online Library},
  doi={https://doi.org/10.1111/j.1365-294X.2005.02812.x}
}

@article{deVillemereuil2018quantitative,
  title={Quantitative genetic methods depending on the nature of the phenotypic trait},
  author={de Villemereuil, Pierre},
  journal={Annals of the New York Academy of Sciences},
  volume={1422},
  number={1},
  pages={29--47},
  year={2018}
}

@article{bohonak1999dispersal,
  title={Dispersal, gene flow, and population structure},
  author={Bohonak, Andrew J.},
  journal={The Quarterly Review of Biology},
  volume={74},
  number={1},
  pages={21--45},
  year={1999},
  publisher={University of Chicago Press},
  doi={https://doi.org/10.1086/392950}
}

@article{lenormand2002gene,
  title={Gene flow and the limits to natural selection},
  author={Lenormand, Thomas},
  journal={Trends in Ecology \& Evolution},
  volume={17},
  number={4},
  pages={183--189},
  year={2002},
  publisher={Elsevier},
  doi={https://doi.org/10.1016/S0169-5347(02)02497-7}
}

@article{bowler2005causes,
  title={Causes and consequences of animal dispersal strategies: relating individual behaviour to spatial dynamics},
  author={Bowler, Diana E. and Benton, Tim G.},
  journal={Biological Reviews},
  volume={80},
  number={2},
  pages={205--225},
  year={2005},
  publisher={Wiley Online Library},
  doi={https://doi.org/10.1017/S1464793104006645}
}

@article{ronce2007does,
  title={How does it feel to be like a rolling stone? {T}en questions about dispersal evolution},
  author={Ronce, Oph{\'e}lie},
  journal={Annual Review of Ecology, Evolution, and Systematics},
  volume={38},
  pages={231--253},
  year={2007},
  publisher={Annual Reviews},
  doi={https://doi.org/10.1146/annurev.ecolsys.38.091206.095611}
}

@article{whiteley2015genetic,
  title={Genetic rescue to the rescue},
  author={Whiteley, Andrew R. and Fitzpatrick, Sarah W. and Funk, W. Chris and Tallmon, David A.},
  journal={Trends in Ecology \& Evolution},
  volume={30},
  number={1},
  pages={42--49},
  year={2015},
  publisher={Elsevier},
  doi={https://doi.org/10.1016/j.tree.2014.10.009}
}

@article{speed2017reevaluation,
  title={Reevaluation of {SNP} heritability in complex human traits},
  author={Speed, Doug and Cai, Na and Johnson, Michael R. and Nejentsev, Sergey and Balding, David J.},
  journal={Nature Genetics},
  volume={49},
  number={7},
  pages={986--992},
  year={2017},
  publisher={Nature Publishing Group},
  doi={https://doi.org/10.1038/ng.3865}
}

@article{daetwyler2008accuracy,
  title={Accuracy of predicting the genetic risk of disease using a genome-wide approach},
  author={Daetwyler, Hans D. and Villanueva, Beatriz and Woolliams, John A.},
  journal={PloS one},
  volume={3},
  number={10},
  pages={e3395},
  year={2008},
  publisher={Public Library of Science San Francisco, USA}
}

@article{daetwyler2010impact,
  title={The impact of genetic architecture on genome-wide evaluation methods},
  author={Daetwyler, Hans D. and Pong-Wong, Ricardo and Villanueva, Beatriz and Woolliams, John A.},
  journal={Genetics},
  volume={185},
  number={3},
  pages={1021--1031},
  year={2010},
  publisher={Oxford University Press}
}

@article{goddard2009genomic,
  title={Genomic selection: prediction of accuracy and maximisation of long term response},
  author={Goddard, Michael E.},
  journal={Genetica},
  volume={136},
  number={2},
  pages={245--257},
  year={2009},
  publisher={Springer}
}

@article{goddard2011using,
  title={Using the genomic relationship matrix to predict the accuracy of genomic selection},
  author={Goddard, Michael E. and Hayes, Ben John and Meuwissen, Theo H. E.},
  journal={Journal of animal breeding and genetics},
  volume={128},
  number={6},
  pages={409--421},
  year={2011},
  publisher={Wiley Online Library}
}

@article{evans2018comparison,
  title={Comparison of methods that use whole genome data to estimate the heritability and genetic architecture of complex traits},
  author={Evans, Luke M. and Tahmasbi, Rasool and Vrieze, Scott I. and Abecasis, Gon{\c{c}}alo R. and Das, Sayantan and Gazal, Steven and Bjelland, Douglas W and De Candia, Teresa R. and Goddard, Michael E. and Neale, Benjamin M. and Yang, Jian and Visscher, Peter M. and Keller, Matthew C. and Haplotype Reference Consortium},
  journal={Nature Genetics},
  volume={50},
  number={5},
  pages={737--745},
  year={2018},
  publisher={Nature Publishing Group},
  doi={https://doi.org/10.1038/s41588-018-0108-x}
}

@article{yang2017concepts,
  title={Concepts, estimation and interpretation of {SNP}-based heritability},
  author={Yang, Jian and Zeng, Jian and Goddard, Michael E. and Wray, Naomi R. and Visscher, Peter M.},
  journal={Nature Genetics},
  volume={49},
  number={9},
  pages={1304--1310},
  year={2017},
  publisher={Nature Publishing Group},
  doi={https://doi.org/10.1038/ng.3941}
}

@article{wray2010genetic,
  title={The genetic interpretation of area under the {ROC} curve in genomic profiling},
  author={Wray, Naomi R. and Yang, Jian and Goddard, Michael E. and Visscher, Peter M.},
  journal={PLoS Genetics},
  volume={6},
  number={2},
  pages={e1000864},
  year={2010},
  publisher={Public Library of Science San Francisco, USA}
}

@article{wray2013pitfalls,
  title={Pitfalls of predicting complex traits from {SNP}s},
  author={Wray, Naomi R. and Yang, Jian and Hayes, Ben John and Price, Alkes L. and Goddard, Michael E. and Visscher, Peter M.},
  journal={Nature Reviews Genetics},
  volume={14},
  number={7},
  pages={507--515},
  year={2013},
  publisher={Nature Publishing Group}
}

@article{wray2019complex,
  title={Complex trait prediction from genome data: {C}ontrasting {EBV} in livestock to {PRS} in humans: {G}enomic prediction},
  author={Wray, Naomi R. and Kemper, Kathryn E. and Hayes, Ben John and Goddard, Michael E. and Visscher, Peter M.},
  journal={Genetics},
  volume={211},
  number={4},
  pages={1131--1141},
  year={2019},
  publisher={Oxford University Press}
}

@article{bohling2016strategies,
  title={Strategies to address the conservation threats posed by hybridization and genetic introgression},
  author={Bohling, Justin H.},
  journal={Biological Conservation},
  volume={203},
  pages={321--327},
  year={2016},
  publisher={Elsevier},
  doi={https://doi.org/10.1016/j.biocon.2016.10.011}
}

@article{toosi2010genomic,
  title={Genomic selection in admixed and crossbred populations},
  author={Toosi, A. and Fernando, Rohan L. and Dekkers, Jack C. M.},
  journal={Journal of Animal Science},
  volume={88},
  number={1},
  pages={32--46},
  year={2010},
  publisher={Oxford University Press},
  doi={https://doi.org/10.2527/jas.2009-1975}
}

@article{solkner2010estimation,
  title={Estimation of individual levels of admixture in crossbred populations from {SNP} chip data: examples with sheep and cattle populations},
  author={Sölkner, J. and Frkonja, A. and Raadsma, H. W. and Jonas, E. and Thaller, G. and Gootwine, E. and Seroussi, E. and Fuerst, C. and Egger-Danner, C. and Gredler, B.},
  journal={Interbull Bulletin},
  number={42},
  pages={62--62},
  year={2010}
}

@article{travis2003climate,
  title={Climate change and habitat destruction: a deadly anthropogenic cocktail},
  author={Travis, J. M. J.},
  journal={Proceedings of the Royal Society of London. Series B: Biological Sciences},
  volume={270},
  number={1514},
  pages={467--473},
  year={2003},
  publisher={The Royal Society},
  doi={https://doi.org/10.1098/rspb.2002.2246}
}

@article{carlson2014evolutionary,
  title={Evolutionary rescue in a changing world},
  author={Carlson, Stephanie M. and Cunningham, Curry J. and Westley, Peter A. H.},
  journal={Trends in Ecology \& Evolution},
  volume={29},
  number={9},
  pages={521--530},
  year={2014},
  publisher={Elsevier},
  doi={https://doi.org/10.1016/j.tree.2014.06.005}
}

@article{lush1949heritability,
    author = {Lush, Jay L.},
    title = {HERITABILITY OF QUANTITATIVE CHARACTERS IN FARM ANIMALS},
    journal = {Hereditas},
    volume = {35},
    number = {S1},
    pages = {356-375},
    doi = {https://doi.org/10.1111/j.1601-5223.1949.tb03347.x},
    url = {https://onlinelibrary.wiley.com/doi/abs/10.1111/j.1601-5223.1949.tb03347.x},
    eprint = {https://onlinelibrary.wiley.com/doi/pdf/10.1111/j.1601-5223.1949.tb03347.x},
    year = {1949}
}

@article{nyquist1991estimation,
  title={Estimation of heritability and prediction of selection response in plant populations},
  author={Nyquist, Wyman E. and Baker, R. J.},
  journal={Critical Reviews in Plant Sciences},
  volume={10},
  number={3},
  pages={235--322},
  year={1991},
  publisher={Taylor \& Francis},
  doi={https://doi.org/10.1080/07352689109382313}
}

@article{grabenstein2018breaking,
  title={Breaking barriers: causes, consequences, and experimental utility of human-mediated hybridization},
  author={Grabenstein, Kathryn C. and Taylor, Scott A.},
  journal={Trends in Ecology \& Evolution},
  volume={33},
  number={3},
  pages={198--212},
  year={2018},
  publisher={Elsevier},
  doi={https://doi.org/10.1016/j.tree.2017.12.008}
}

@article{tang2005estimation,
  title={Estimation of individual admixture: analytical and study design considerations},
  author={Tang, Hua and Peng, Jie and Wang, Pei and Risch, Neil J.},
  journal={Genetic Epidemiology: The Official Publication of the International Genetic Epidemiology Society},
  volume={28},
  number={4},
  pages={289--301},
  year={2005},
  publisher={Wiley Online Library},
  doi={https://doi.org/10.1002/gepi.20064}
}

@book{lynch1998genetics,
  title={Genetics and Analysis of Quantitative Traits},
  author={Lynch, Michael and Walsh, Bruce},
  volume={1},
  year={1998},
  address={Sunderland},
  publisher={Sinauer Associates Incorporated}
}

@book{walsh2018evolution,
  title={Evolution and Selection of Quantitative Traits},
  author={Walsh, Bruce and Lynch, Michael},
  year={2018},
  publisher={Oxford University Press}
}

@article{niskanen2020consistent,
  title={Consistent scaling of inbreeding depression in space and time in a house sparrow metapopulation},
  author={Niskanen, Alina K. and Billing, Anna M. and Holand, Håkon and Hagen, Ingerid Julie and Araya-Ajoy, Yimen G. and Husby, Arild and Rønning, Bernt and Myhre, Ane Marlene and Ranke, Peter Sjolte and Kvalnes, Thomas and others},
  journal={Proceedings of the National Academy of Sciences},
  year={2020},
  publisher={National Academy of Sciences},
  doi={https://doi.org/10.1073/pnas.1909599117}
}

@article{khera2018genome,
  title={Genome-wide polygenic scores for common diseases identify individuals with risk equivalent to monogenic mutations},
  author={Khera, Amit V. and Chaffin, Mark and Aragam, Krishna G. and Haas, Mary E. and Roselli, Carolina and Choi, Seung Hoan and Natarajan, Pradeep and Lander, Eric S. and Lubitz, Steven A. and Ellinor, Patrick T. and Kathiresan, Sekar},
  journal={Nature Genetics},
  volume={50},
  number={9},
  pages={1219--1224},
  year={2018},
  publisher={Nature Publishing Group}
}

@article{khera2019polygenic,
  title={Polygenic prediction of weight and obesity trajectories from birth to adulthood},
  author={Khera, Amit V. and Chaffin, Mark and Wade, Kaitlin H. and Zahid, Sohail and Brancale, Joseph and Xia, Rui and Distefano, Marina and Senol-Cosar, Ozlem and Haas, Mary E. and Bick, Alexander and Aragam, Krishna G. and  Lander, Eric S. and Smith, George Davey and Mason-Suares, Heather and Fornage, Myriam and Lebo, Matthew and Timpson, Nicholas J. and Kaplan, Lee M. and Kathiresan, Sekar},
  journal={Cell},
  volume={177},
  number={3},
  pages={587--596},
  year={2019},
  publisher={Elsevier}
}

@article{vilhjalmsson2015modeling,
  title={Modeling linkage disequilibrium increases accuracy of polygenic risk scores},
  author={Vilhj{\'a}lmsson, Bjarni J. and Yang, Jian and Finucane, Hilary K. and Gusev, Alexander and Lindstr{\"o}m, Sara and Ripke, Stephan and Genovese, Giulio and Loh, Po-Ru and Bhatia, Gaurav and Do, Ron and others},
  journal={The American Journal of Human Genetics},
  volume={97},
  number={4},
  pages={576--592},
  year={2015},
  publisher={Elsevier}
}

@article{choi2020tutorial,
  title={Tutorial: a guide to performing polygenic risk score analyses},
  author={Choi, Shing Wan and Mak, Timothy Shin-Heng and O’Reilly, Paul F.},
  journal={Nature Protocols},
  volume={15},
  number={9},
  pages={2759--2772},
  year={2020},
  publisher={Nature Publishing Group}
}

@article{simpson2017penalising,
  title={Penalising model component complexity: A principled, practical approach to constructing priors},
  author={Simpson, Daniel and Rue, Håvard and Riebler, Andrea and Martins, Thiago G. and Sørbye, Sigrunn H. and others},
  journal={Statistical Science},
  volume={32},
  number={1},
  pages={1--28},
  year={2017},
  publisher={Institute of Mathematical Statistics},
  doi={https://doi.org/10.1214/16-STS576}
}


@article{aase2022genomic,
    author = {Aase, Kenneth and Jensen, Henrik and Muff, Stefanie},
    year={2022},
    title = {Genomic estimation of quantitative genetic parameters in wild admixed populations},
    journal = {Methods in Ecology and Evolution},
    doi = {https://doi.org/10.1111/2041-210X.13810},
    volume = {13},
    number = {5},
    pages={1014--1026},
    url = {https://besjournals.onlinelibrary.wiley.com/doi/abs/10.1111/2041-210X.13810}
}

@article{sauve2022improving,
  title={Improving species conservation plans under {IUCN}’s {O}ne {P}lan {A}pproach using quantitative genetic methods},
  author={Sauve, Drew and Hudecki, Jane and Steiner, Jessica and Wheeler, Hazel and Lynch, Colleen and Chabot, Amy A.},
  journal={Peer Community Journal},
  volume={2},
  year={2022}
}

@article{beaulieu2014accuracy,
  title={Accuracy of genomic selection models in a large population of open-pollinated families in white spruce},
  author={Beaulieu, J. and Doerksen, T. and Cl{\'e}ment, S. and MacKay, J. and Bousquet, J.},
  journal={Heredity},
  volume={113},
  number={4},
  pages={343--352},
  year={2014},
  publisher={Nature Publishing Group}
}

@article{browne2019adaptational,
  title={Adaptational lag to temperature in valley oak ({Q}uercus lobata) can be mitigated by genome-informed assisted gene flow},
  author={Browne, Luke and Wright, Jessica W. and Fitz-Gibbon, Sorel and Gugger, Paul F. and Sork, Victoria L.},
  journal={Proceedings of the National Academy of Sciences},
  volume={116},
  number={50},
  pages={25179--25185},
  year={2019},
  publisher={National Academy of Sciences}
}

@article{edwards2016genomic,
  title={Genomic prediction for quantitative traits is improved by mapping variants to gene ontology categories in {D}rosophila melanogaster},
  author={Edwards, Stefan M. and S{\o}rensen, Izel F. and Sarup, Pernille and Mackay, Trudy F. C. and S{\o}rensen, Peter},
  journal={Genetics},
  volume={203},
  number={4},
  pages={1871--1883},
  year={2016},
  publisher={Oxford University Press}
}

@article{ober2012using,
  title={Using whole-genome sequence data to predict quantitative trait phenotypes in {D}rosophila melanogaster},
  author={Ober, Ulrike and Ayroles, Julien F. and Stone, Eric A. and Richards, Stephen and Zhu, Dianhui and Gibbs, Richard A. and Stricker, Christian and Gianola, Daniel and Schlather, Martin and Mackay, Trudy F. C. and others},
  journal={PLoS genetics},
  volume={8},
  number={5},
  pages={e1002685},
  year={2012},
  publisher={Public Library of Science}
}

@article{ober2015accounting,
  title={Accounting for genetic architecture improves sequence based genomic prediction for a Drosophila fitness trait},
  author={Ober, Ulrike and Huang, Wen and Magwire, Michael and Schlather, Martin and Simianer, Henner and Mackay, Trudy F. C.},
  journal={PLoS One},
  volume={10},
  number={5},
  pages={e0126880},
  year={2015},
  publisher={Public Library of Science San Francisco, CA USA}
}

@article{bosse2017recent,
  title={Recent natural selection causes adaptive evolution of an avian polygenic trait},
  author={Bosse, Mirte and Spurgin, Lewis G. and Laine, Veronika N. and Cole, Ella F. and Firth, Josh A. and Gienapp, Phillip and Gosler, Andrew G. and McMahon, Keith and Poissant, Jocelyn and Verhagen, Irene and others},
  journal={Science},
  volume={358},
  number={6361},
  pages={365--368},
  year={2017},
  publisher={American Association for the Advancement of Science}
}

@article{ashraf2022genomic,
  title={Genomic prediction in the wild: {A} case study in {S}oay sheep},
  author={Ashraf, Bilal and Hunter, Darren C. and B{\'e}r{\'e}nos, Camillo and Ellis, Philip A. and Johnston, Susan E. and Pilkington, Jill G. and Pemberton, Josephine M. and Slate, Jon},
  journal={Molecular Ecology},
  year={2022},
  publisher={Wiley Online Library},
  volume={31},
  number={24},
  pages={6541--6555},
  doi = {https://doi.org/10.1111/mec.16262},
  url = {https://onlinelibrary.wiley.com/doi/abs/10.1111/mec.16262}
}

@article{vahedi2023expanding,
  title={Expanding the application of haplotype-based genomic predictions to the wild: A case of antibody response against {T}eladorsagia circumcincta in {S}oay sheep},
  author={Vahedi, Seyed Milad and Salek Ardetani, Siavash and Brito, Luiz F. and Karimi, Karim and Pahlavan Afshari, Kian and Banabazi, Mohammad Hossein},
  journal={BMC Genomics},
  volume={24},
  number={1},
  pages={335},
  year={2023},
  publisher={Springer}
}

@article{hunter2022using,
  title={Using genomic prediction to detect microevolutionary change of a quantitative trait},
  author={Hunter, Darren C. and Ashraf, Bilal and B{\'e}r{\'e}nos, Camillo and Ellis, Philip A. and Johnston, Susan E. and Wilson, Alastair J. and Pilkington, Jill G. and Pemberton, Josephine M. and Slate, Jon},
  journal={Proceedings of the Royal Society B},
  volume={289},
  number={1974},
  pages={20220330},
  year={2022},
  publisher={The Royal Society}
}

@article{lello2019genomic,
  title={Genomic prediction of 16 complex disease risks including heart attack, diabetes, breast and prostate cancer},
  author={Lello, Louis and Raben, Timothy G. and Yong, Soke Yuen and Tellier, Laurent C. A. M. and Hsu, Stephen D. H.},
  journal={Scientific Reports},
  volume={9},
  number={1},
  pages={1--16},
  year={2019},
  publisher={Nature Publishing Group}
}

@article{rue2009approximate,
  title={Approximate {B}ayesian inference for latent {G}aussian models by using integrated nested {L}aplace approximations},
  author={Rue, Håvard and Martino, Sara and Chopin, Nicolas},
  journal={Journal of the Royal Statistical Society: Series B (Statistical Methodology)},
  volume={71},
  number={2},
  pages={319--392},
  year={2009},
  publisher={Wiley Online Library},
  doi={https://doi.org/10.1111/j.1467-9868.2008.00700.x}
}

@article{adin2024automatic,
  title={Automatic cross-validation in structured models: {I}s it time to leave out leave-one-out?},
  author={Adin, Aritz and Krainski, Elias Teixeira and Lenzi, Amanda and Liu, Zhedong and Mart{\'\i}nez-Minaya, Joaqu{\'\i}n and Rue, Håvard},
  journal={Spatial Statistics},
  pages={100843},
  year={2024},
  publisher={Elsevier}
}

@book{mrode2014linear,
  title={Linear Models for the Prediction of Animal Breeding Values},
  author={Mrode, Raphael A.},
  year={2014},
  address={Wallingford},
  publisher={Cabi},
  edition={3}
}

@article{gelman2005analysis,
  title={Analysis of variance—why it is more important than ever},
  author={Gelman, Andrew},
  journal={The Annals of Statistics},
  volume={33},
  number={1},
  pages={1--53},
  year={2005},
  publisher={Institute of Mathematical Statistics},
  doi={https://doi.org/10.1214/009053604000001048}
}

@article{berenos2014estimating,
  title={Estimating quantitative genetic parameters in wild populations: a comparison of pedigree and genomic approaches},
  author={B{\'e}r{\'e}nos, Camillo and Ellis, Philip A. and Pilkington, Jill G. and Pemberton, Josephine M.},
  journal={Molecular Ecology},
  volume={23},
  number={14},
  pages={3434--3451},
  year={2014},
  publisher={Wiley Online Library},
  doi={https://doi.org/10.1111/mec.12827}
}

@article{hill2008data,
  title={Data and theory point to mainly additive genetic variance for complex traits},
  author={Hill, William G. and Goddard, Michael E. and Visscher, Peter M.},
  journal={PLoS Genetics},
  volume={4},
  number={2},
  pages={e1000008},
  year={2008},
  publisher={Public Library of Science},
  doi={https://doi.org/10.1371/journal.pgen.1000008}
}

@article{hill2010animal,
  title={What animal breeding has taught us about evolution},
  author={Hill, William G. and Kirkpatrick, Mark},
  journal={Annual Review of Ecology, Evolution, and Systematics},
  volume={41},
  pages={1--19},
  year={2010},
  publisher={Annual Reviews},
  doi={https://doi.org/10.1146/annurev-ecolsys-102209-144728}
}

@article{hill2011variation,
  title={Variation in actual relationship as a consequence of {M}endelian sampling and linkage},
  author={Hill, William G. and Weir, Bruce S.},
  journal={Genetics Research},
  volume={93},
  number={1},
  pages={47--64},
  year={2011},
  publisher={Cambridge University Press},
  doi={https://doi.org/10.1017/S0016672310000480}
}

@article{hill2012quantitative,
  title={Quantitative genetics in the genomics era},
  author={Hill, William G.},
  journal={Current Genomics},
  volume={13},
  number={3},
  pages={196--206},
  year={2012},
  publisher={Bentham Science Publishers},
  doi={https://doi.org/10.2174/138920212800543110}
}

@article{hill2014applications,
  title={Applications of population genetics to animal breeding, from {W}right, {F}isher and {L}ush to genomic prediction},
  author={Hill, William G.},
  journal={Genetics},
  volume={196},
  number={1},
  pages={1--16},
  year={2014},
  publisher={Oxford University Press}
}

@article{lundregan2018inferences,
  title={Inferences of genetic architecture of bill morphology in house sparrow using a high-density {SNP} array point to a polygenic basis},
  author={Lundregan, Sarah L. and Hagen, Ingerid Julie and Gohli, Jostein and Niskanen, Alina K. and Kemppainen, Petri and Ringsby, Thor-Harald and Kvalnes, Thomas and Pärn, Henrik and Rønning, Bernt and Holand, Håkon and others},
  journal={Molecular Ecology},
  volume={27},
  number={17},
  pages={3498--3514},
  year={2018},
  publisher={Wiley Online Library},
  doi={https://doi.org/10.1111/mec.14811}
}

@article{lundregan2020resistance,
  title={Resistance to gapeworm parasite has both additive and dominant genetic components in house sparrows, with evolutionary consequences for ability to respond to parasite challenge},
  author={Lundregan, Sarah L. and Niskanen, Alina K. and Muff, Stefanie and Holand, Håkon and Kvalnes, Thomas and Ringsby, Thor-Harald and Husby, Arild and Jensen, Henrik},
  journal={Molecular Ecology},
  year={2020},
  publisher={Wiley Online Library},
  doi={https://doi.org/10.1111/mec.15491}
}

@article{huisman2017pedigree,
  title={Pedigree reconstruction from {SNP} data: parentage assignment, sibship clustering and beyond},
  author={Huisman, Jisca},
  journal={Molecular Ecology Resources},
  volume={17},
  number={5},
  pages={1009--1024},
  year={2017},
  publisher={Wiley Online Library},
  doi={https://doi.org/10.1111/1755-0998.12665}
}

@article{mathew2016reparametrization,
  title={Reparametrization-based estimation of genetic parameters in multi-trait animal model using {I}ntegrated {N}ested {L}aplace {A}pproximation},
  author={Mathew, Boby and Holand, Anna Marie and Koistinen, Petri and L{\'e}on, Jens and Sillanpää, Mikko J.},
  journal={Theoretical and Applied Genetics},
  volume={129},
  number={2},
  pages={215--225},
  year={2016},
  publisher={Springer}
}

@article{mathew2018novel,
  title={A novel linkage-disequilibrium corrected genomic relationship matrix for {SNP}-heritability estimation and genomic prediction},
  author={Mathew, Boby and L{\'e}on, Jens and Sillanpää, Mikko J.},
  journal={Heredity},
  volume={120},
  number={4},
  pages={356--368},
  year={2018},
  publisher={Nature Publishing Group},
  doi={https://doi.org/10.1038/s41437-017-0023-4}
}

@article{powell2010reconciling,
  title={Reconciling the analysis of {IBD} and {IBS} in complex trait studies},
  author={Powell, Joseph E. and Visscher, Peter M. and Goddard, Michael E.},
  journal={Nature Reviews Genetics},
  volume={11},
  number={11},
  pages={800--805},
  year={2010},
  publisher={Nature Publishing Group},
  doi={https://doi.org/10.1038/nrg2865}
}

@article{odegaard2018large,
  title={Large-scale genomic prediction using singular value decomposition of the genotype matrix},
  author={{\O}degård, Jørgen and Indahl, Ulf and Strand{\'e}n, Ismo and Meuwissen, Theo H. E.},
  journal={Genetics Selection Evolution},
  volume={50},
  number={1},
  pages={1--12},
  year={2018},
  publisher={BioMed Central},
  doi={https://doi.org/10.1186/s12711-018-0373-2}
}

@article{aspheim2024bayesian,
  title={Bayesian marker-based principal component ridge regression -- a flexible multipurpose framework for quantitative genetics in wild study systems},
  author={Aspheim, Janne Cathrine Hetle and Aase, Kenneth and Bolstad, Geir H. and Jensen, Henrik and Muff, Stefanie},
  journal={bioRxiv},
  pages={2024--06},
  year={2024},
  publisher={Cold Spring Harbor Laboratory}
}


@inbook{gilks2005m,
    author = {Gilks, W. R.},
    publisher = {American Cancer Society},
    isbn = {9780470011812},
    title = {Markov Chain Monte Carlo},
    booktitle = {Encyclopedia of Biostatistics},
    chapter = {},
    pages = {},
    doi = {https://doi.org/10.1002/0470011815.b2a14021},
    url = {https://onlinelibrary.wiley.com/doi/abs/10.1002/0470011815.b2a14021},
    eprint = {https://onlinelibrary.wiley.com/doi/pdf/10.1002/0470011815.b2a14021},
    year = {2005},
    keywords = {Metropolis–Hastings, Gibbs sampler, stationary distribution, proposal distribution, hybrid chain, reversible jump, hierarchical, missing data},
    abstract = {Abstract Markov chain Monte Carlo (MCMC) is a technique for estimating by simulation the expectation of a statistic in a complex model. Successive random selections form a Markov chain, the stationary distribution of which is the target distribution. It is particularly useful for the evaluation of posterior distributions in complex Bayesian models. In the Metropolis–Hastings algorithm, items are selected from an arbitrary “proposal” distribution and are retained or not according to an acceptance rule. The Gibbs sampler is a special case in which the proposal distributions are conditional distributions of single components of a vector parameter. Various special cases and applications are considered.}
}

@article{reid2010correlated,
  title={Correlated inbreeding among relatives: occurrence, magnitude, and implications},
  author={Reid, Jane M. and Keller, Lukas F.},
  journal={Evolution: International Journal of Organic Evolution},
  volume={64},
  number={4},
  pages={973--985},
  year={2010},
  publisher={Wiley Online Library},
  doi={https://doi.org/10.1111/j.1558-5646.2009.00865.x}
}

@article{liu1999parameter,
  title={Parameter expansion for data augmentation},
  author={Liu, Jun S. and Wu, Ying Nian},
  journal={Journal of the American Statistical Association},
  volume={94},
  number={448},
  pages={1264--1274},
  year={1999},
  publisher={Taylor \& Francis},
  doi={https://doi.org/10.1080/01621459.1999.10473879}
}

@article{steinsland2010utilizing,
  title={Utilizing Gaussian Markov random field properties of Bayesian animal models},
  author={Steinsland, Ingelin and Jensen, Henrik},
  journal={Biometrics},
  volume={66},
  number={3},
  pages={763--771},
  year={2010},
  publisher={Wiley Online Library},
  doi={https://doi.org/10.1111/j.1541-0420.2009.01336.x}
}

@article{lande1979quantitative,
  title={Quantitative genetic analysis of multivariate evolution, applied to brain: body size allometry},
  author={Lande, Russell},
  journal={Evolution},
  volume={33},
  number={1},
  pages={402--416},
  year={1979},
  publisher={JSTOR},
  doi={https://doi.org/10.2307/2407630}
}

@book{lande2003stochastic,
  title={Stochastic Population Dynamics in Ecology and Conservation},
  author={Lande, Russell and Engen, Steinar and Sæther, Bernt-Erik},
  year={2003},
  address={Oxford},
  publisher={Oxford University Press}
}

@book{zuur2009mixed,
  title={Mixed Effects Models and Extensions in Ecology with \textsf{R}},
  author={Zuur, Alain and Ieno, Elena N. and Walker, Neil and Saveliev, Anatoly A. and Smith, Graham M.},
  year={2009},
  address={Berlin},
  publisher={Springer Science \& Business Media}
}

@book{givens2012compstat,
    title={Computational Statistics},
    author={Givens, Goef H. and Hoeting, Jennifer A.},
    year ={2012},
    address={Hoboken},
    publisher={John Wiley \& Sons},
    edition={2}
}

@book{gamerman2006markov,
  title={Markov Chain Monte Carlo: Stochastic Simulation for Bayesian Inference},
  author={Gamerman, Dani and Lopes, Hedibert F.},
  year={2006},
  address={Boca Raton},
  publisher={CRC Press},
  edition={2}
}

@article{jensen2013genetic,
  title={Genetic variation and structure of house sparrow populations: is there an island effect?},
  author={Jensen, Henrik and Moe, Rune and Hagen, Ingerid Julie and Holand, Anna Marie and Kekkonen, Jaana and Tufto, Jarle and Sæther, Bernt-Erik},
  journal={Molecular Ecology},
  volume={22},
  number={7},
  pages={1792--1805},
  year={2013},
  publisher={Wiley Online Library},
  doi={https://doi.org/10.1111/mec.12226}
}

@article{slate2009gene,
  title={Gene mapping in the wild with {SNP}s: guidelines and future directions},
  author={Slate, Jon and Gratten, Jake and Beraldi, Dario and Stapley, Jessica and Hale, Matthew C. and Pemberton, Josephine M.},
  journal={Genetica},
  volume={136},
  number={1},
  pages={97--107},
  year={2009},
  publisher={Springer},
  doi={https://doi.org/10.1007/s10709-008-9317-z}
}

@article{zavodna2015long,
  title={A long-term genetic study reveals complex population dynamics of multiple-source plant reintroductions},
  author={Zavodna, Monika and Abdelkrim, Jawad and Pellissier, Vincent and Machon, Nathalie},
  journal={Biological Conservation},
  volume={192},
  pages={1--9},
  year={2015},
  publisher={Elsevier},
  doi={https://doi.org/10.1016/j.biocon.2015.08.025}
}

@article{visscher2015heritabilitysamplingvariance,
  title={A general unified framework to assess the sampling variance of heritability estimates using pedigree or marker-based relationships},
  author={Visscher, Peter M. and Goddard, Michael E.},
  journal={Genetics},
  volume={199},
  number={1},
  pages={223--232},
  year={2015},
  publisher={Oxford University Press},
  doi={https://doi.org/10.1534/genetics.114.171017}
}

@article{gervais2019rad,
  title={{RAD}-sequencing for estimating genomic relatedness matrix-based heritability in the wild: A case study in roe deer},
  author={Gervais, Laura and Perrier, Charles and Bernard, Maria and Merlet, Joel and Pemberton, Josephine M. and Pujol, Benoit and Qu{\'e}m{\'e}r{\'e}, Erwan},
  journal={Molecular Ecology Resources},
  volume={19},
  number={5},
  pages={1205--1217},
  year={2019},
  publisher={Wiley Online Library},
  doi={https://doi.org/10.1111/1755-0998.13031}
}

@article{kruuk2008new,
  title={New answers for old questions: the evolutionary quantitative genetics of wild animal populations},
  author={Kruuk, Loeske E. B. and Slate, Jon and Wilson, Alastair J.},
  journal={Annual Review of Ecology, Evolution, and Systematics},
  volume={39},
  number={1},
  pages={525--548},
  year={2008},
  publisher={Annual Reviews}
}

@article{kruuk2008introduction,
    author = {Kruuk, Loeske E. B. and Hill, William G.},
    title = {Introduction. {E}volutionary dynamics of wild populations: the use of long-term pedigree data},
    journal = {Proceedings of the Royal Society B: Biological Sciences},
    volume = {275},
    number = {1635},
    pages = {593-596},
    year = {2008},
    doi = {https://doi.org/10.1098/rspb.2007.1689},
    URL = {https://royalsocietypublishing.org/doi/abs/10.1098/rspb.2007.1689},
    eprint = {https://royalsocietypublishing.org/doi/pdf/10.1098/rspb.2007.1689},
    abstract = { Studies of populations in the wild can provide unique insights into the forces driving evolutionary dynamics. This themed issue of Proc. R. Soc. B focuses on new developments in long-term analyses of animal populations where pedigree information has been collected. These address fundamental questions in evolutionary biology concerning the genetic basis of phenotypic diversity, patterns of natural and sexual selection, the occurrence of inbreeding and inbreeding depression, and speciation. Contributions include the analysis of evolutionary responses to climate change, exploration of the genetic basis of senescence, the exploitation of advances in molecular genetic technology, and reviews of developments in quantitative genetic methodology. We discuss here common themes, specific problems and pointers for future research. }
}

@article{elgvin2017genomic,
  title={The genomic mosaicism of hybrid speciation},
  author={Elgvin, Tore O. and Trier, Cassandra N. and T{\o}rresen, Ole K. and Hagen, Ingerid Julie and Lien, Sigbjørn and Nederbragt, Alexander J. and Ravinet, Mark and Jensen, Henrik and Sætre, Glenn-Peter},
  journal={Science Advances},
  volume={3},
  number={6},
  pages={e1602996},
  year={2017},
  publisher={American Association for the Advancement of Science},
  doi={https://doi.org/10.1126/sciadv.1602996}
}

@article{hagen2020genome,
  title={A genome-wide linkage map for the house sparrow ({P}asser domesticus) provides insights into the evolutionary history of the avian genome},
  author={Hagen, Ingerid Julie and Lien, Sigbjørn and Billing, Anna M. and Elgvin, Tore O. and Trier, Cassandra N. and Niskanen, Alina K. and Tarka, Maja and Slate, Jon and Sætre, Glenn-Peter and Jensen, Henrik},
  journal={Molecular Ecology Resources},
  volume={20},
  number={2},
  pages={544--559},
  year={2020},
  publisher={Wiley Online Library},
  doi={https://doi.org/10.1111/1755-0998.13134}
}

@article{saether1999spatial,
  title={Spatial and temporal variation in demography of a house sparrow metapopulation},
  author={Sæther, Bernt-Erik and Ringsby, Thor-Harald and Bakke, \{\O}yvind and Solberg, Erling Johan},
  journal={Journal of Animal Ecology},
  volume={68},
  number={3},
  pages={628--637},
  year={1999},
  publisher={Wiley Online Library},
  doi={https://doi.org/10.1046/j.1365-2656.1999.00314.x}
}

@article{link2012thinning,
  title={On thinning of chains in {MCMC}},
  author={Link, William A. and Eaton, Mitchell J.},
  journal={Methods in Ecology and Evolution},
  volume={3},
  number={1},
  pages={112--115},
  year={2012},
  publisher={Wiley Online Library},
  doi={https://doi.org/10.1111/j.2041-210X.2011.00131.x}
}

@article{forni2011different,
  title={Different genomic relationship matrices for single-step analysis using phenotypic, pedigree and genomic information},
  author={Forni, Selma and Aguilar, Ignacio and Misztal, Ignacy},
  journal={Genetics Selection Evolution},
  volume={43},
  number={1},
  pages={1--7},
  year={2011},
  publisher={Springer},
  doi={https://doi.org/10.1186/1297-9686-43-1}
}

@article{hollifield2022impact,
  title={Impact of blending the genomic relationship matrix with different levels of pedigree relationships or the identity matrix on genetic evaluations},
  author={Hollifield, Mary Kate and Bermann, Matias and Lourenco, Daniela and Misztal, Ignacy},
  journal={JDS Communications},
  year={2022},
  publisher={Elsevier}
}

@article{lawlor2008mendelian,
  title={Mendelian randomization: using genes as instruments for making causal inferences in epidemiology},
  author={Lawlor, Debbie A. and Harbord, Roger M. and Sterne, Jonathan A. C. and Timpson, Nic and Davey Smith, George},
  journal={Statistics in Medicine},
  volume={27},
  number={8},
  pages={1133--1163},
  year={2008},
  publisher={Wiley Online Library}
}

@article{ference2012effect,
  title={Effect of long-term exposure to lower low-density lipoprotein cholesterol beginning early in life on the risk of coronary heart disease: a {M}endelian randomization analysis},
  author={Ference, Brian A. and Yoo, Wonsuk and Alesh, Issa and Mahajan, Nitin and Mirowska, Karolina K. and Mewada, Abhishek and Kahn, Joel and Afonso, Luis and Williams, Kim Allan and Flack, John M.},
  journal={Journal of the American College of Cardiology},
  volume={60},
  number={25},
  pages={2631--2639},
  year={2012},
  publisher={American College of Cardiology Foundation Washington, DC}
}

@article{lea2018dominance,
  title={Dominance rank-associated gene expression is widespread, sex-specific, and a precursor to high social status in wild male baboons},
  author={Lea, Amanda J. and Akinyi, Mercy Y. and Nyakundi, Ruth and Mareri, Peter and Nyundo, Fred and Kariuki, Thomas and Alberts, Susan C. and Archie, Elizabeth A. and Tung, Jenny},
  journal={Proceedings of the National Academy of Sciences},
  volume={115},
  number={52},
  pages={E12163--E12171},
  year={2018},
  publisher={National Acad Sciences}
}

@article{slob2020comparison,
  title={A comparison of robust {M}endelian randomization methods using summary data},
  author={Slob, Eric A. W. and Burgess, Stephen},
  journal={Genetic Epidemiology},
  volume={44},
  number={4},
  pages={313--329},
  year={2020},
  publisher={Wiley Online Library}
}

@article{dudbridge2020polygenic,
  title={Polygenic {M}endelian {R}andomization},
  author={Dudbridge, Frank},
  journal={Cold Spring Harbor Perspectives in Medicine},
  pages={a039586},
  year={2020},
  publisher={Cold Spring Harbor Laboratory Press}
}

@article{trisos2020projected,
  title={The projected timing of abrupt ecological disruption from climate change},
  author={Trisos, Christopher H. and Merow, Cory and Pigot, Alex L.},
  journal={Nature},
  volume={580},
  number={7804},
  pages={496--501},
  year={2020},
  publisher={Nature Publishing Group}
}

@article{gianola2015molecular,
  title={Do molecular markers inform about pleiotropy?},
  author={Gianola, Daniel and de los Campos, Gustavo and Toro, Miguel {\'A}ngel and Naya, Hugo and Sch{\"o}n, Chris-Carolin and Sorensen, Daniel},
  journal={Genetics},
  volume={201},
  number={1},
  pages={23--29},
  year={2015},
  publisher={Oxford University Press}
}

@article{lupi2024mapping,
  title={Mapping the relative accuracy of cross-ancestry prediction},
  author={Lupi, Alexa S. and Vazquez, Ana I and de los Campos, Gustavo},
  journal={Nature Communications},
  volume={15},
  number={1},
  pages={1--14},
  year={2024},
  publisher={Nature Publishing Group}
}

@article{gianola2013priors,
  title={Priors in whole-genome regression: the {B}ayesian alphabet returns},
  author={Gianola, Daniel},
  journal={Genetics},
  volume={194},
  number={3},
  pages={573--596},
  year={2013},
  publisher={Oxford University Press}
}

@article{dekkers_predicting_2021,
	title = {Predicting the accuracy of genomic predictions},
	volume = {53},
	issn = {1297-9686},
	url = {https://doi.org/10.1186/s12711-021-00647-w},
	doi = {10.1186/s12711-021-00647-w},
	abstract = {Mathematical models are needed for the design of breeding programs using genomic prediction. While deterministic models for selection on pedigree-based estimates of breeding values (PEBV) are available, these have not been fully developed for genomic selection, with a key missing component being the accuracy of genomic EBV (GEBV) of selection candidates. Here, a deterministic method was developed to predict this accuracy within a closed breeding population based on the accuracy of GEBV and PEBV in the reference population and the distance of selection candidates from their closest ancestors in the reference population.},
	number = {1},
	urldate = {2023-08-23},
	journal = {Genetics Selection Evolution},
	author = {Dekkers, Jack C. M. and Su, Hailin and Cheng, Jian},
	month = jun,
	year = {2021},
	pages = {55},
	file = {Full Text PDF:/Users/kennaas/Zotero/storage/6VXBEBRA/Dekkers et al. - 2021 - Predicting the accuracy of genomic predictions.pdf:application/pdf;Snapshot:/Users/kennaas/Zotero/storage/BEEAH8UX/s12711-021-00647-w.html:text/html},
}

@article{pszczola2012reliability,
  title={Reliability of direct genomic values for animals with different relationships within and to the reference population},
  author={Pszczola, Marcin and Strabel, T. and Mulder, H. A. and Calus, Mario P. L.},
  journal={Journal of Dairy Science},
  volume={95},
  number={1},
  pages={389--400},
  year={2012},
  publisher={Elsevier}
}

@article{villemereul2018fixed,
  title={Fixed-effect variance and the estimation of repeatabilities and heritabilities: {I}ssues and solutions},
  author={de Villemereuil, Pierre and Morrissey, Michael B. and Nakagawa, Shinichi and Schielzeth, Holger},
  journal={Journal of Evolutionary Biology},
  volume={31},
  number={4},
  pages={621--632},
  year={2018},
  publisher={Wiley Online Library}
}

@book{carroll1995measurement,
  title={Measurement error in nonlinear models},
  author={Carroll, Raymond J. and Ruppert, David and Stefanski, Leonard A.},
  volume={105},
  year={1995},
  publisher={CRC press}
}

@article{wilson2008h2,
  title={Why {$h^2$} does not always equal {$V_A/V_P$}?},
  author={Wilson, Alastair J.},
  journal={Journal of Evolutionary Biology},
  volume={21},
  number={3},
  pages={647--650},
  year={2008},
  publisher={Wiley Online Library}
}

@article{lee2017estimation,
  title={Estimation of genomic prediction accuracy from reference populations with varying degrees of relationship},
  author={Lee, S. Hong and Clark, Sam and van der Werf, Julius H. J.},
  journal={PloS one},
  volume={12},
  number={12},
  pages={e0189775},
  year={2017},
  publisher={Public Library of Science San Francisco, CA USA}
}

@article{lee2017using,
  title={Using information of relatives in genomic prediction to apply effective stratified medicine},
  author={Lee, S. Hong and Weerasinghe, W. M. Shalanee P. and Wray, Naomi R. and Goddard, Michael E. and Van Der Werf, Julius H. J.},
  journal={Scientific Reports},
  volume={7},
  number={1},
  pages={42091},
  year={2017},
  publisher={Nature Publishing Group UK London}
}

@article{kvalnes2017reversal,
  title={Reversal of response to artificial selection on body size in a wild passerine},
  author={Kvalnes, Thomas and Ringsby, Thor-Harald and Jensen, Henrik and Hagen, Ingerid Julie and Rønning, Bernt and Pärn, Henrik and Holand, Håkon and Engen, Steinar and Sæther, Bernt-Erik},
  journal={Evolution},
  volume={71},
  number={8},
  pages={2062--2079},
  year={2017},
  publisher={Blackwell Publishing Inc Malden, USA}
}


@article{nafstad2023spatial,
  title={Spatial variation in the evolutionary potential and constraints of basal metabolic rate and body mass in a wild bird},
  author={Nafstad, {\AA}dne Messel and Rønning, Bernt and Aase, Kenneth and Ringsby, Thor-Harald and Hagen, Ingerid Julie and Ranke, Peter Sjolte and Kvalnes, Thomas and Stawski, Clare and Räsänen, Katja and Sæther, Bernt-Erik and Muff, Stefanie and Jensen, Henrik},
  journal={Journal of Evolutionary Biology},
  volume={36},
  number={4},
  pages={650--662},
  year={2023},
  publisher={Oxford University Press Oxford, UK}
}

@book{carroll2006measurement,
  title={Measurement error in nonlinear models: a modern perspective},
  author={Carroll, Raymond J. and Ruppert, David and Stefanski, Leonard A. and Crainiceanu, Ciprian M.},
  year={2006},
  publisher={Chapman and Hall/CRC}
}

@article{stocks2019genomic,
  title={Genomic basis of {E}uropean ash tree resistance to ash dieback fungus},
  author={Stocks, Jonathan J. and Metheringham, Carey L. and Plumb, William J. and Lee, Steve J. and Kelly, Laura J. and Nichols, Richard A. and Buggs, Richard J. A.},
  journal={Nature Ecology \& Evolution},
  volume={3},
  number={12},
  pages={1686--1696},
  year={2019},
  publisher={Nature Publishing Group UK London}
}

@article{ranke2024long,
  title={Long-distance dispersal in the short-distance dispersing house sparrow ({P}asser domesticus)},
  author={Ranke, Peter Sjolte and Pepke, Michael L. and Søraker, Jørgen S. and David, Gabriel and Araya-Ajoy, Yimen G. and Wright, Jonathan and Nafstad, {\AA}dne Messel and Rønning, Bernt and Pärn, Henrik and Ringsby, Thor-Harald and Jensen, Henrik and Sæther, Bernt-Erik},
  journal={Ecology and Evolution},
  volume={14},
  number={5},
  pages={e11356},
  year={2024},
  publisher={Wiley Online Library}
}


@article{martin_clinical_2019,
	title = {Clinical use of current polygenic risk scores may exacerbate health disparities},
	volume = {51},
	copyright = {2019 Springer Nature America, Inc.},
	issn = {1546-1718},
	url = {https://www.nature.com/articles/s41588-019-0379-x},
	doi = {10.1038/s41588-019-0379-x},
	abstract = {Polygenic risk scores (PRS) are poised to improve biomedical outcomes via precision medicine. However, the major ethical and scientific challenge surrounding clinical implementation of PRS is that those available today are several times more accurate in individuals of European ancestry than other ancestries. This disparity is an inescapable consequence of Eurocentric biases in genome-wide association studies, thus highlighting that—unlike clinical biomarkers and prescription drugs, which may individually work better in some populations but do not ubiquitously perform far better in European populations—clinical uses of PRS today would systematically afford greater improvement for European-descent populations. Early diversifying efforts show promise in leveling this vast imbalance, even when non-European sample sizes are considerably smaller than the largest studies to date. To realize the full and equitable potential of PRS, greater diversity must be prioritized in genetic studies, and summary statistics must be publically disseminated to ensure that health disparities are not increased for those individuals already most underserved.},
	language = {en},
	number = {4},
	urldate = {2024-07-29},
	journal = {Nature Genetics},
	author = {Martin, Alicia R. and Kanai, Masahiro and Kamatani, Yoichiro and Okada, Yukinori and Neale, Benjamin M. and Daly, Mark J.},
	month = apr,
	year = {2019},
	note = {Publisher: Nature Publishing Group},
	keywords = {Genetics, Genome-wide association studies, Population genetics},
	pages = {584--591},
	file = {Full Text PDF:/Users/kennaas/Zotero/storage/DAB3I4WG/Martin et al. - 2019 - Clinical use of current polygenic risk scores may .pdf:application/pdf},
}

@article{martin_human_2017,
	title = {Human {Demographic} {History} {Impacts} {Genetic} {Risk} {Prediction} across {Diverse} {Populations}},
	volume = {100},
	issn = {0002-9297},
	url = {https://www.sciencedirect.com/science/article/pii/S0002929717301076},
	doi = {10.1016/j.ajhg.2017.03.004},
	abstract = {The vast majority of genome-wide association studies (GWASs) are performed in Europeans, and their transferability to other populations is dependent on many factors (e.g., linkage disequilibrium, allele frequencies, genetic architecture). As medical genomics studies become increasingly large and diverse, gaining insights into population history and consequently the transferability of disease risk measurement is critical. Here, we disentangle recent population history in the widely used 1000 Genomes Project reference panel, with an emphasis on populations underrepresented in medical studies. To examine the transferability of single-ancestry GWASs, we used published summary statistics to calculate polygenic risk scores for eight well-studied phenotypes. We identify directional inconsistencies in all scores; for example, height is predicted to decrease with genetic distance from Europeans, despite robust anthropological evidence that West Africans are as tall as Europeans on average. To gain deeper quantitative insights into GWAS transferability, we developed a complex trait coalescent-based simulation framework considering effects of polygenicity, causal allele frequency divergence, and heritability. As expected, correlations between true and inferred risk are typically highest in the population from which summary statistics were derived. We demonstrate that scores inferred from European GWASs are biased by genetic drift in other populations even when choosing the same causal variants and that biases in any direction are possible and unpredictable. This work cautions that summarizing findings from large-scale GWASs may have limited portability to other populations using standard approaches and highlights the need for generalized risk prediction methods and the inclusion of more diverse individuals in medical genomics.},
	number = {4},
	urldate = {2024-07-29},
	journal = {The American Journal of Human Genetics},
	author = {Martin, Alicia R. and Gignoux, Christopher R. and Walters, Raymond K. and Wojcik, Genevieve L. and Neale, Benjamin M. and Gravel, Simon and Daly, Mark J. and Bustamante, Carlos D. and Kenny, Eimear E.},
	month = apr,
	year = {2017},
	keywords = {1000 Genomes Project, admixed populations, complex trait genetics, GWAS, local ancestry, polygenic risk scores, population genetics, statistical genetics, summary statistics},
	pages = {635--649},
	file = {Full Text:/Users/kennaas/Zotero/storage/8GWIDBVY/Martin et al. - 2017 - Human Demographic History Impacts Genetic Risk Pre.pdf:application/pdf;ScienceDirect Snapshot:/Users/kennaas/Zotero/storage/AQX3Q27S/S0002929717301076.html:text/html},
}

@article{hou_causal_2023,
	title = {Causal effects on complex traits are similar for common variants across segments of different continental ancestries within admixed individuals},
	volume = {55},
	copyright = {2023 The Author(s), under exclusive licence to Springer Nature America, Inc.},
	issn = {1546-1718},
	url = {https://www.nature.com/articles/s41588-023-01338-6},
	doi = {10.1038/s41588-023-01338-6},
	abstract = {Individuals of admixed ancestries (for example, African Americans) inherit a mosaic of ancestry segments (local ancestry) originating from multiple continental ancestral populations. This offers the unique opportunity of investigating the similarity of genetic effects on traits across ancestries within the same population. Here we introduce an approach to estimate correlation of causal genetic effects (radmix) across local ancestries and analyze 38 complex traits in African-European admixed individuals (N = 53,001) to observe very high correlations (meta-analysis radmix = 0.95, 95\% credible interval 0.93–0.97), much higher than correlation of causal effects across continental ancestries. We replicate our results using regression-based methods from marginal genome-wide association study summary statistics. We also report realistic scenarios where regression-based methods yield inflated heterogeneity-by-ancestry due to ancestry-specific tagging of causal effects, and/or polygenicity. Our results motivate genetic analyses that assume minimal heterogeneity in causal effects by ancestry, with implications for the inclusion of ancestry-diverse individuals in studies.},
	language = {en},
	number = {4},
	urldate = {2024-07-29},
	journal = {Nature Genetics},
	author = {Hou, Kangcheng and Ding, Yi and Xu, Ziqi and Wu, Yue and Bhattacharya, Arjun and Mester, Rachel and Belbin, Gillian M. and Buyske, Steve and Conti, David V. and Darst, Burcu F. and Fornage, Myriam and Gignoux, Chris and Guo, Xiuqing and Haiman, Christopher and Kenny, Eimear E. and Kim, Michelle and Kooperberg, Charles and Lange, Leslie and Manichaikul, Ani and North, Kari E. and Peters, Ulrike and Rasmussen-Torvik, Laura J. and Rich, Stephen S. and Rotter, Jerome I. and Wheeler, Heather E. and Wojcik, Genevieve L. and Zhou, Ying and Sankararaman, Sriram and Pasaniuc, Bogdan},
	month = apr,
	year = {2023},
	note = {Publisher: Nature Publishing Group},
	keywords = {Computational biology and bioinformatics, Genome-wide association studies, Population genetics},
	pages = {549--558},
	file = {Full Text PDF:/Users/kennaas/Zotero/storage/BMFWPDNG/Hou et al. - 2023 - Causal effects on complex traits are similar for c.pdf:application/pdf},
}

@article{ding_polygenic_2023,
	title = {Polygenic scoring accuracy varies across the genetic ancestry continuum},
	volume = {618},
	copyright = {2023 The Author(s)},
	issn = {1476-4687},
	url = {https://www.nature.com/articles/s41586-023-06079-4},
	doi = {10.1038/s41586-023-06079-4},
	abstract = {Polygenic scores (PGSs) have limited portability across different groupings of individuals (for example, by genetic ancestries and/or social determinants of health), preventing their equitable use1–3. PGS portability has typically been assessed using a single aggregate population-level statistic (for example, R2)4, ignoring inter-individual variation within the population. Here, using a large and diverse Los Angeles biobank5 (ATLAS, n = 36,778) along with the UK Biobank6 (UKBB, n = 487,409), we show that PGS accuracy decreases individual-to-individual along the continuum of genetic ancestries7 in all considered populations, even within traditionally labelled ‘homogeneous’ genetic ancestries. The decreasing trend is well captured by a continuous measure of genetic distance (GD) from the PGS training data: Pearson correlation of −0.95 between GD and PGS accuracy averaged across 84 traits. When applying PGS models trained on individuals labelled as white British in the UKBB to individuals with European ancestries in ATLAS, individuals in the furthest GD decile have 14\% lower accuracy relative to the closest decile; notably, the closest GD decile of individuals with Hispanic Latino American ancestries show similar PGS performance to the furthest GD decile of individuals with European ancestries. GD is significantly correlated with PGS estimates themselves for 82 of 84 traits, further emphasizing the importance of incorporating the continuum of genetic ancestries in PGS interpretation. Our results highlight the need to move away from discrete genetic ancestry clusters towards the continuum of genetic ancestries when considering PGSs.},
	language = {en},
	number = {7966},
	urldate = {2024-07-29},
	journal = {Nature},
	author = {Ding, Yi and Hou, Kangcheng and Xu, Ziqi and Pimplaskar, Aditya and Petter, Ella and Boulier, Kristin and Privé, Florian and Vilhjálmsson, Bjarni J. and Olde Loohuis, Loes M. and Pasaniuc, Bogdan},
	month = jun,
	year = {2023},
	note = {Publisher: Nature Publishing Group},
	keywords = {Genetics, Genome-wide association studies, Risk factors, Statistical methods},
	pages = {774--781},
	file = {Full Text PDF:/Users/kennaas/Zotero/storage/5R7X76DH/Ding et al. - 2023 - Polygenic scoring accuracy varies across the genet.pdf:application/pdf},
}

@article{kachuri_principles_2024,
	title = {Principles and methods for transferring polygenic risk scores across global populations},
	volume = {25},
	copyright = {2023 Springer Nature Limited},
	issn = {1471-0064},
	url = {https://www.nature.com/articles/s41576-023-00637-2},
	doi = {10.1038/s41576-023-00637-2},
	abstract = {Polygenic risk scores (PRSs) summarize the genetic predisposition of a complex human trait or disease and may become a valuable tool for advancing precision medicine. However, PRSs that are developed in populations of predominantly European genetic ancestries can increase health disparities due to poor predictive performance in individuals of diverse and complex genetic ancestries. We describe genetic and modifiable risk factors that limit the transferability of PRSs across populations and review the strengths and weaknesses of existing PRS construction methods for diverse ancestries. Developing PRSs that benefit global populations in research and clinical settings provides an opportunity for innovation and is essential for health equity.},
	language = {en},
	number = {1},
	urldate = {2024-07-29},
	journal = {Nature Reviews Genetics},
	author = {Kachuri, Linda and Chatterjee, Nilanjan and Hirbo, Jibril and Schaid, Daniel J. and Martin, Iman and Kullo, Iftikhar J. and Kenny, Eimear E. and Pasaniuc, Bogdan and Witte, John S. and Ge, Tian},
	month = jan,
	year = {2024},
	note = {Publisher: Nature Publishing Group},
	keywords = {Bioinformatics, Disease genetics, Genetic testing, Genetic variation},
	pages = {8--25},
	file = {Full Text PDF:/Users/kennaas/Zotero/storage/Z3W9A8AY/Kachuri et al. - 2024 - Principles and methods for transferring polygenic .pdf:application/pdf},
}

@article{hou_calibrated_2024,
	title = {Calibrated prediction intervals for polygenic scores across diverse contexts},
	volume = {56},
	copyright = {2024 The Author(s), under exclusive licence to Springer Nature America, Inc.},
	issn = {1546-1718},
	url = {https://www.nature.com/articles/s41588-024-01792-w},
	doi = {10.1038/s41588-024-01792-w},
	abstract = {Polygenic scores (PGS) have emerged as the tool of choice for genomic prediction in a wide range of fields. We show that PGS performance varies broadly across contexts and biobanks. Contexts such as age, sex and income can impact PGS accuracy with similar magnitudes as genetic ancestry. Here we introduce an approach (CalPred) that models all contexts jointly to produce prediction intervals that vary across contexts to achieve calibration (include the trait with 90\% probability), whereas existing methods are miscalibrated. In analyses of 72 traits across large and diverse biobanks (All of Us and UK Biobank), we find that prediction intervals required adjustment by up to 80\% for quantitative traits. For disease traits, PGS-based predictions were miscalibrated across socioeconomic contexts such as annual household income levels, further highlighting the need of accounting for context information in PGS-based prediction across diverse populations.},
	language = {en},
	number = {7},
	urldate = {2024-07-29},
	journal = {Nature Genetics},
	author = {Hou, Kangcheng and Xu, Ziqi and Ding, Yi and Mandla, Ravi and Shi, Zhuozheng and Boulier, Kristin and Harpak, Arbel and Pasaniuc, Bogdan},
	month = jul,
	year = {2024},
	note = {Publisher: Nature Publishing Group},
	keywords = {Computational biology and bioinformatics, Population genetics},
	pages = {1386--1396},
	file = {Full Text PDF:/Users/kennaas/Zotero/storage/3ZAWXDNV/Hou et al. - 2024 - Calibrated prediction intervals for polygenic scor.pdf:application/pdf},
}

@article{legarra_redefining_2024,
	title = {Redefining and interpreting genomic relationships of metafounders},
	volume = {56},
	issn = {1297-9686},
	url = {https://doi.org/10.1186/s12711-024-00891-w},
	doi = {10.1186/s12711-024-00891-w},
	abstract = {Metafounders are a useful concept to characterize relationships within and across populations, and to help genetic evaluations because they help modelling the means and variances of unknown base population animals. Current definitions of metafounder relationships are sensitive to the choice of reference alleles and have not been compared to their counterparts in population genetics—namely, heterozygosities, FST coefficients, and genetic distances. We redefine the relationships across populations with an arbitrary base of a maximum heterozygosity population in Hardy–Weinberg equilibrium. Then, the relationship between or within populations is a cross-product of the form \$\$\{{\textbackslash}Gamma \}\_\{{\textbackslash}left(b,\{b\}{\textasciicircum}\{{\textbackslash}prime\}{\textbackslash}right)\}={\textbackslash}left({\textbackslash}frac\{2\}\{n\}{\textbackslash}right){\textbackslash}left(2\{{\textbackslash}mathbf\{p\}\}\_\{b\}-{\textbackslash}mathbf\{1\}{\textbackslash}right){\textbackslash}left(2\{{\textbackslash}mathbf\{p\}\}\_\{\{b\}{\textasciicircum}\{{\textbackslash}prime\}\}-{\textbackslash}mathbf\{1\}{\textbackslash}right){\textasciicircum}\{{\textbackslash}prime\}\$\$with \$\${\textbackslash}mathbf\{p\}\$\$being vectors of allele frequencies at \$\$n\$\$markers in populations \$\$b\$\$and \$\$b{\textasciicircum}\{{\textbackslash}prime\}\$\$. This is simply the genomic relationship of two pseudo-individuals whose genotypes are equal to twice the allele frequencies. We also show that this coding is invariant to the choice of reference alleles. In addition, standard population genetics metrics (inbreeding coefficients of various forms; FST differentiation coefficients; segregation variance; and Nei’s genetic distance) can be obtained from elements of matrix \$\$\{{\textbackslash}varvec\{{\textbackslash}Gamma\}\}\$\$.},
	language = {en},
	number = {1},
	urldate = {2024-07-30},
	journal = {Genetics Selection Evolution},
	author = {Legarra, Andres and Bermann, Matias and Mei, Quanshun and Christensen, Ole F.},
	month = may,
	year = {2024},
	pages = {34},
	file = {Full Text PDF:/Users/kennaas/Zotero/storage/C29IDUKY/Legarra et al. - 2024 - Redefining and interpreting genomic relationships .pdf:application/pdf},
}

@article{legarra_estimating_2024,
	title = {Estimating genomic relationships of metafounders across and within breeds using maximum likelihood, pseudo-expectation–maximization maximum likelihood and increase of relationships},
	volume = {56},
	issn = {1297-9686},
	url = {https://doi.org/10.1186/s12711-024-00892-9},
	doi = {10.1186/s12711-024-00892-9},
	abstract = {The theory of “metafounders” proposes a unified framework for relationships across base populations within breeds (e.g. unknown parent groups), and base populations across breeds (crosses) together with a sensible compatibility with genomic relationships. Considering metafounders might be advantageous in pedigree best linear unbiased prediction (BLUP) or single-step genomic BLUP. Existing methods to estimate relationships across metafounders \$\$\{{\textbackslash}varvec\{{\textbackslash}Gamma\}\}\$\$are not well adapted to highly unbalanced data, genotyped individuals far from base populations, or many unknown parent groups (within breed per year of birth).},
	language = {en},
	number = {1},
	urldate = {2024-07-30},
	journal = {Genetics Selection Evolution},
	author = {Legarra, Andres and Bermann, Matias and Mei, Quanshun and Christensen, Ole F.},
	month = may,
	year = {2024},
	pages = {35},
	file = {Full Text PDF:/Users/kennaas/Zotero/storage/GP5JTU5M/Legarra et al. - 2024 - Estimating genomic relationships of metafounders a.pdf:application/pdf},
}

@article{prive_portability_2022,
	title = {Portability of 245 polygenic scores when derived from the {UK} {Biobank} and applied to 9 ancestry groups from the same cohort},
	volume = {109},
	issn = {0002-9297},
	url = {https://www.sciencedirect.com/science/article/pii/S0002929721004201},
	doi = {10.1016/j.ajhg.2021.11.008},
	abstract = {The low portability of polygenic scores (PGSs) across global populations is a major concern that must be addressed before PGSs can be used for everyone in the clinic. Indeed, prediction accuracy has been shown to decay as a function of the genetic distance between the training and test cohorts. However, such cohorts differ not only in their genetic distance but also in their geographical distance and their data collection and assaying, conflating multiple factors. In this study, we examine the extent to which PGSs are transferable between ancestries by deriving polygenic scores for 245 curated traits from the UK Biobank data and applying them in nine ancestry groups from the same cohort. By restricting both training and testing to the UK Biobank data, we reduce the risk of environmental and genotyping confounding from using different cohorts. We define the nine ancestry groups at a sub-continental level, based on a simple, robust, and effective method that we introduce here. We then apply two different predictive methods to derive polygenic scores for all 245 phenotypes and show a systematic and dramatic reduction in portability of PGSs trained using Northwestern European individuals and applied to nine ancestry groups. These analyses demonstrate that prediction already drops off within European ancestries and reduces globally in proportion to genetic distance. Altogether, our study provides unique and robust insights into the PGS portability problem.},
	number = {1},
	urldate = {2024-07-30},
	journal = {The American Journal of Human Genetics},
	author = {Privé, Florian and Aschard, Hugues and Carmi, Shai and Folkersen, Lasse and Hoggart, Clive and O’Reilly, Paul F. and Vilhjálmsson, Bjarni J.},
	month = jan,
	year = {2022},
	keywords = {ancestry, polygenic scores, portability},
	pages = {12--23},
	file = {Full Text:/Users/kennaas/Zotero/storage/6XRUQG75/Privé et al. - 2022 - Portability of 245 polygenic scores when derived f.pdf:application/pdf;ScienceDirect Snapshot:/Users/kennaas/Zotero/storage/3FANP2D6/S0002929721004201.html:text/html},
}

@article{zhong2009factors,
  title={Factors affecting accuracy from genomic selection in populations derived from multiple inbred lines: a barley case study},
  author={Zhong, Shengqiang and Dekkers, Jack C. M. and Fernando, Rohan L. and Jannink, Jean-Luc},
  journal={Genetics},
  volume={182},
  number={1},
  pages={355--364},
  year={2009},
  publisher={Oxford University Press}
}

@article{berens2017genomic,
  title={The genomic health of ancient hominins},
  author={Berens, Ali J. and Cooper, Taylor L. and Lachance, Joseph},
  journal={Human Biology},
  volume={89},
  number={1},
  pages={7--19},
  year={2017},
  publisher={BioOne}
}

@article{cox2019genetic,
  title={Genetic contributions to variation in human stature in prehistoric Europe},
  author={Cox, Samantha L. and Ruff, Christopher B. and Maier, Robert M. and Mathieson, Iain},
  journal={Proceedings of the National Academy of Sciences},
  volume={116},
  number={43},
  pages={21484--21492},
  year={2019},
  publisher={National Acad Sciences}
}

@article{marciniak2022integrative,
  title={An integrative skeletal and paleogenomic analysis of stature variation suggests relatively reduced health for early European farmers},
  author={Marciniak, Stephanie and Bergey, Christina M. and Silva, Ana Maria and Ha{\l}uszko, Agata and Furmanek, Miros{\l}aw and Veselka, Barbara and Velem{\'\i}nsk{\`y}, Petr and Vercellotti, Giuseppe and Wahl, Joachim and Zari{\c{n}}a, Gunita and others},
  journal={Proceedings of the National Academy of Sciences},
  volume={119},
  number={15},
  pages={e2106743119},
  year={2022},
  publisher={National Acad Sciences}
}

@article{irving2021quantitative,
  title={Quantitative human paleogenetics: what can ancient {DNA} tell us about complex trait evolution?},
  author={Irving-Pease, Evan K. and Muktupavela, Rasa and Dannemann, Michael and Racimo, Fernando},
  journal={Frontiers in Genetics},
  volume={12},
  pages={703541},
  year={2021},
  publisher={Frontiers Media SA}
}

@article{carlson2022polygenic,
  title={Polygenic score accuracy in ancient samples: {Q}uantifying the effects of allelic turnover},
  author={Carlson, Maryn O. and Rice, Daniel P. and Berg, Jeremy J. and Steinr{\"u}cken, Matthias},
  journal={PLoS Genetics},
  volume={18},
  number={5},
  pages={e1010170},
  year={2022},
  publisher={Public Library of Science San Francisco, CA USA}
}

@article{bonnet2022genetic,
  title={Genetic variance in fitness indicates rapid contemporary adaptive evolution in wild animals},
  author={Bonnet, Timoth{\'e}e and Morrissey, Michael B. and De Villemereuil, Pierre and Alberts, Susan C. and Arcese, Peter and Bailey, Liam D. and Boutin, Stan and Brekke, Patricia and Brent, Lauren J. N. and Camenisch, Glauco and Charmantier, Anne and Clutton-Brock, Tim H. and Cockburn, Andrew and Coltman, David W. and Courtiol, Alexandre and Davidian, Eve and Evans, Simon R. and Ewen, John G. and Festa-Bianchet, Marco and de Franceschi, Christophe and Gustafsson, Lars and Höner, Oliver P. and Houslay, Thomas M. and Keller, Lukas F. and Manser, Marta and McAdam, Andrew G. and McLean, Emily and Nietlisbach, Pirmin and Osmond, Helen L. and Pemberton, Josephine M. and Postma, Erik and Reid, Jane M. and Rutschmann, Alexis and Santure, Anna W. and Sheldon, Ben C. and Slate, Jon and Teplitsky, Céline and Visser, Marcel E. and Wachter, Bettina and Kruuk, Loeske E. B.},
  journal={Science},
  volume={376},
  number={6596},
  pages={1012--1016},
  year={2022},
  publisher={American Association for the Advancement of Science}
}

@article{wang_theoretical_2020,
	title = {Theoretical and empirical quantification of the accuracy of polygenic scores in ancestry divergent populations},
	volume = {11},
	copyright = {2020 The Author(s)},
	issn = {2041-1723},
	url = {https://www.nature.com/articles/s41467-020-17719-y},
	doi = {10.1038/s41467-020-17719-y},
	abstract = {Polygenic scores (PGS) have been widely used to predict disease risk using variants identified from genome-wide association studies (GWAS). To date, most GWAS have been conducted in populations of European ancestry, which limits the use of GWAS-derived PGS in non-European ancestry populations. Here, we derive a theoretical model of the relative accuracy (RA) of PGS across ancestries. We show through extensive simulations that the RA of PGS based on genome-wide significant SNPs can be predicted accurately from modelling linkage disequilibrium (LD), minor allele frequencies (MAF), cross-population correlations of causal SNP effects and heritability. We find that LD and MAF differences between ancestries can explain between 70 and 80\% of the loss of RA of European-based PGS in African ancestry for traits like body mass index and type 2 diabetes. Our results suggest that causal variants underlying common genetic variation identified in European ancestry GWAS are mostly shared across continents.},
	language = {en},
	number = {1},
	urldate = {2024-07-30},
	journal = {Nature Communications},
	author = {Wang, Ying and Guo, Jing and Ni, Guiyan and Yang, Jian and Visscher, Peter M. and Yengo, Loic},
	month = jul,
	year = {2020},
	note = {Publisher: Nature Publishing Group},
	keywords = {Genetic variation, Genome-wide association studies, Statistical methods},
	pages = {3865},
	file = {Full Text PDF:/Users/kennaas/Zotero/storage/27YYFUKT/Wang et al. - 2020 - Theoretical and empirical quantification of the ac.pdf:application/pdf},
}

@article{baumdicker_efficient_2022,
	title = {Efficient ancestry and mutation simulation with msprime 1.0},
	volume = {220},
	issn = {1943-2631},
	url = {https://doi.org/10.1093/genetics/iyab229},
	doi = {10.1093/genetics/iyab229},
	abstract = {Stochastic simulation is a key tool in population genetics, since the models involved are often analytically intractable and simulation is usually the only way of obtaining ground-truth data to evaluate inferences. Because of this, a large number of specialized simulation programs have been developed, each filling a particular niche, but with largely overlapping functionality and a substantial duplication of effort. Here, we introduce msprime version 1.0, which efficiently implements ancestry and mutation simulations based on the succinct tree sequence data structure and the tskit library. We summarize msprime’s many features, and show that its performance is excellent, often many times faster and more memory efficient than specialized alternatives. These high-performance features have been thoroughly tested and validated, and built using a collaborative, open source development model, which reduces duplication of effort and promotes software quality via community engagement.},
	number = {3},
	urldate = {2024-07-30},
	journal = {Genetics},
	author = {Baumdicker, Franz and Bisschop, Gertjan and Goldstein, Daniel and Gower, Graham and Ragsdale, Aaron P and Tsambos, Georgia and Zhu, Sha and Eldon, Bjarki and Ellerman, E Castedo and Galloway, Jared G and Gladstein, Ariella L and Gorjanc, Gregor and Guo, Bing and Jeffery, Ben and Kretzschumar, Warren W and Lohse, Konrad and Matschiner, Michael and Nelson, Dominic and Pope, Nathaniel S and Quinto-Cortés, Consuelo D and Rodrigues, Murillo F and Saunack, Kumar and Sellinger, Thibaut and Thornton, Kevin and van Kemenade, Hugo and Wohns, Anthony W and Wong, Yan and Gravel, Simon and Kern, Andrew D and Koskela, Jere and Ralph, Peter L and Kelleher, Jerome},
	month = mar,
	year = {2022},
	pages = {iyab229},
	file = {Full Text PDF:/Users/kennaas/Zotero/storage/IKHGFPET/Baumdicker et al. - 2022 - Efficient ancestry and mutation simulation with ms.pdf:application/pdf;Snapshot:/Users/kennaas/Zotero/storage/Q972ALIC/6460344.html:text/html},
}

@article{ralph_efficiently_2020,
	title = {Efficiently {Summarizing} {Relationships} in {Large} {Samples}: {A} {General} {Duality} {Between} {Statistics} of {Genealogies} and {Genomes}},
	volume = {215},
	issn = {1943-2631},
	shorttitle = {Efficiently {Summarizing} {Relationships} in {Large} {Samples}},
	url = {https://doi.org/10.1534/genetics.120.303253},
	doi = {10.1534/genetics.120.303253},
	abstract = {As a genetic mutation is passed down across generations, it distinguishes those genomes that have inherited it from those that have not, providing a glimpse of the genealogical tree relating the genomes to each other at that site. Statistical summaries of genetic variation therefore also describe the underlying genealogies. We use this correspondence to define a general framework that efficiently computes single-site population genetic statistics using the succinct tree sequence encoding of genealogies and genome sequence. The general approach accumulates sample weights within the genealogical tree at each position on the genome, which are then combined using a summary function; different statistics result from different choices of weight and function. Results can be reported in three ways: by site, which corresponds to statistics calculated as usual from genome sequence; by branch, which gives the expected value of the dual site statistic under the infinite sites model of mutation, and by node, which summarizes the contribution of each ancestor to these statistics. We use the framework to implement many currently defined statistics of genome sequence (making the statistics’ relationship to the underlying genealogical trees concrete and explicit), as well as the corresponding branch statistics of tree shape. We evaluate computational performance using simulated data, and show that calculating statistics from tree sequences using this general framework is several orders of magnitude more efficient than optimized matrix-based methods in terms of both run time and memory requirements. We also explore how well the duality between site and branch statistics holds in practice on trees inferred from the 1000 Genomes Project data set, and discuss ways in which deviations may encode interesting biological signals.},
	number = {3},
	urldate = {2024-07-30},
	journal = {Genetics},
	author = {Ralph, Peter and Thornton, Kevin and Kelleher, Jerome},
	month = jul,
	year = {2020},
	pages = {779--797},
	file = {Full Text PDF:/Users/kennaas/Zotero/storage/5LLAM7QN/Ralph et al. - 2020 - Efficiently Summarizing Relationships in Large Sam.pdf:application/pdf;Snapshot:/Users/kennaas/Zotero/storage/SPGBHXPB/5930459.html:text/html},
}

@article{vitezica_orthogonal_2017,
	title = {Orthogonal {Estimates} of {Variances} for {Additive}, {Dominance}, and {Epistatic} {Effects} in {Populations}},
	volume = {206},
	issn = {1943-2631},
	url = {https://doi.org/10.1534/genetics.116.199406},
	doi = {10.1534/genetics.116.199406},
	abstract = {Genomic prediction methods based on multiple markers have potential to include nonadditive effects in prediction and analysis of complex traits. However, most developments assume a Hardy–Weinberg equilibrium (HWE). Statistical approaches for genomic selection that account for dominance and epistasis in a general context, without assuming HWE (e.g., crosses or homozygous lines), are therefore needed. Our method expands the natural and orthogonal interactions (NOIA) approach, which builds incidence matrices based on genotypic (not allelic) frequencies, to include genome-wide epistasis for an arbitrary number of interacting loci in a genomic evaluation context. This results in an orthogonal partition of the variances, which is not warranted otherwise. We also present the partition of variance as a function of genotypic values and frequencies following Cockerham’s orthogonal contrast approach. Then we prove for the first time that, even not in HWE, the multiple-loci NOIA method is equivalent to construct epistatic genomic relationship matrices for higher-order interactions using Hadamard products of additive and dominant genomic orthogonal relationships. A standardization based on the trace of the relationship matrices is, however, needed. We illustrate these results with two simulated F1 (not in HWE) populations, either in linkage equilibrium (LE), or in linkage disequilibrium (LD) and divergent selection, and pure biological dominant pairwise epistasis. In the LE case, correct and orthogonal estimates of variances were obtained using NOIA genomic relationships but not if relationships were constructed assuming HWE. For the LD simulation, differences were smaller, due to the smaller deviation of the F1 from HWE. Wrongly assuming HWE to build genomic relationships and estimate variance components yields biased estimates, inflates the total genetic variance, and the estimates are not empirically orthogonal. The NOIA method to build genomic relationships, coupled with the use of Hadamard products for epistatic terms, allows the obtaining of correct estimates in populations either in HWE or not in HWE, and extends to any order of epistatic interactions.},
	number = {3},
	urldate = {2024-07-30},
	journal = {Genetics},
	author = {Vitezica, Zulma G and Legarra, Andrés and Toro, Miguel A and Varona, Luis},
	month = jul,
	year = {2017},
	pages = {1297--1307},
	file = {Full Text PDF:/Users/kennaas/Zotero/storage/NSTPX3ZE/Vitezica et al. - 2017 - Orthogonal Estimates of Variances for Additive, Do.pdf:application/pdf;Snapshot:/Users/kennaas/Zotero/storage/XKDZDDUA/6064251.html:text/html},
}

@article{freckleton2002misuse,
  title={On the misuse of residuals in ecology: regression of residuals vs. multiple regression},
  author={Freckleton, Robert P.},
  journal={Journal of Animal Ecology},
  pages={542--545},
  year={2002},
  publisher={JSTOR}
}

@article{lai2022glmm,
  title={\texttt{glmm.hp}: an \texttt{R} package for computing individual effect of predictors in generalized linear mixed models},
  author={Lai, Jiangshan and Zou, Yi and Zhang, Shuang and Zhang, Xiaoguang and Mao, Lingfeng},
  journal={Journal of Plant Ecology},
  volume={15},
  number={6},
  pages={1302--1307},
  year={2022},
  publisher={Oxford University Press UK}
}

@article{lai2024evaluating,
  title={Evaluating the relative importance of predictors in {G}eneralized {A}dditive {M}odels using the \texttt{gam.hp} \texttt{R} package},
  author={Lai, Jiangshan and Tang, Jing and Li, Tingyuan and Zhang, Aiying and Mao, Lingfeng},
  journal={Plant Diversity},
  year={2024},
  volume = {46},
  number = {4},
  pages = {542--546},
  publisher={Elsevier}
}

@article{nei1973linkage,
  title={Linkage disequilibrium in subdivided populations},
  author={Nei, Masatoshi and Li, Wen-Hsiung},
  journal={Genetics},
  volume={75},
  number={1},
  pages={213--219},
  year={1973},
  publisher={Oxford University Press}
}

</bibtex>